<?xml version="1.0" encoding="utf-8"?>
<ENVELOPE>
  <BODY>
    <IMPORTDATA>
      <REQUESTDATA>
        <TALLYMESSAGE>
          <VOUCHER>
            <DATE>20220401</DATE>
            <REFERENCE>TG11</REFERENCE>
            <REFERENCEDATE>20220401</REFERENCEDATE>
            <VOUCHERTYPENAME>Journal</VOUCHERTYPENAME>
            <PARTYLEDGERNAME>VV MARINE (PALAYA KAYAL)</PARTYLEDGERNAME>
            <VOUCHERNUMBER>TG197</VOUCHERNUMBER>
            <ALLLEDGERENTRIES.LIST>
              <LEDGERNAME>VV MARINE (PALAYA KAYAL)</LEDGERNAME>
              <ISDEEMEDPOSITIVE>Yes</ISDEEMEDPOSITIVE>
              <AMOUNT>-400</AMOUNT>
            </ALLLEDGERENTRIES.LIST>
            <ALLLEDGERENTRIES.LIST>
              <LEDGERNAME>Discount Received</LEDGERNAME>
              <ISDEEMEDPOSITIVE>No</ISDEEMEDPOSITIVE>
              <AMOUNT>400</AMOUNT>
            </ALLLEDGERENTRIES.LIST>
          </VOUCHER>
        </TALLYMESSAGE>
        <TALLYMESSAGE>
          <VOUCHER>
            <DATE>20220401</DATE>
            <REFERENCEDATE>20220401</REFERENCEDATE>
            <VOUCHERTYPENAME>Journal</VOUCHERTYPENAME>
            <PARTYLEDGERNAME>Packiyam Medical Agencies</PARTYLEDGERNAME>
            <VOUCHERNUMBER>EP122</VOUCHERNUMBER>
            <ALLLEDGERENTRIES.LIST>
              <LEDGERNAME>Packiyam Medical Agencies</LEDGERNAME>
              <ISDEEMEDPOSITIVE>Yes</ISDEEMEDPOSITIVE>
              <AMOUNT>-131</AMOUNT>
            </ALLLEDGERENTRIES.LIST>
            <ALLLEDGERENTRIES.LIST>
              <LEDGERNAME>Discount Received</LEDGERNAME>
              <ISDEEMEDPOSITIVE>No</ISDEEMEDPOSITIVE>
              <AMOUNT>131</AMOUNT>
            </ALLLEDGERENTRIES.LIST>
          </VOUCHER>
        </TALLYMESSAGE>
        <TALLYMESSAGE>
          <VOUCHER>
            <DATE>20220401</DATE>
            <REFERENCEDATE>20220401</REFERENCEDATE>
            <VOUCHERTYPENAME>Journal</VOUCHERTYPENAME>
            <PARTYLEDGERNAME>Dev Enterprises</PARTYLEDGERNAME>
            <VOUCHERNUMBER>GF274</VOUCHERNUMBER>
            <ALLLEDGERENTRIES.LIST>
              <LEDGERNAME>Dev Enterprises</LEDGERNAME>
              <ISDEEMEDPOSITIVE>Yes</ISDEEMEDPOSITIVE>
              <AMOUNT>-6000</AMOUNT>
            </ALLLEDGERENTRIES.LIST>
            <ALLLEDGERENTRIES.LIST>
              <LEDGERNAME>Discount Received</LEDGERNAME>
              <ISDEEMEDPOSITIVE>No</ISDEEMEDPOSITIVE>
              <AMOUNT>6000</AMOUNT>
            </ALLLEDGERENTRIES.LIST>
          </VOUCHER>
        </TALLYMESSAGE>
        <TALLYMESSAGE>
          <VOUCHER>
            <DATE>20220401</DATE>
            <REFERENCEDATE>20220401</REFERENCEDATE>
            <VOUCHERTYPENAME>Journal</VOUCHERTYPENAME>
            <PARTYLEDGERNAME>R J Swetha Agency</PARTYLEDGERNAME>
            <VOUCHERNUMBER>SN149</VOUCHERNUMBER>
            <ALLLEDGERENTRIES.LIST>
              <LEDGERNAME>R J Swetha Agency</LEDGERNAME>
              <ISDEEMEDPOSITIVE>Yes</ISDEEMEDPOSITIVE>
              <AMOUNT>-2250</AMOUNT>
            </ALLLEDGERENTRIES.LIST>
            <ALLLEDGERENTRIES.LIST>
              <LEDGERNAME>Discount Received</LEDGERNAME>
              <ISDEEMEDPOSITIVE>No</ISDEEMEDPOSITIVE>
              <AMOUNT>2250</AMOUNT>
            </ALLLEDGERENTRIES.LIST>
          </VOUCHER>
        </TALLYMESSAGE>
        <TALLYMESSAGE>
          <VOUCHER>
            <DATE>20220401</DATE>
            <REFERENCEDATE>20220401</REFERENCEDATE>
            <VOUCHERTYPENAME>Journal</VOUCHERTYPENAME>
            <PARTYLEDGERNAME>Solaimalai Enterprises</PARTYLEDGERNAME>
            <VOUCHERNUMBER>EP133</VOUCHERNUMBER>
            <ALLLEDGERENTRIES.LIST>
              <LEDGERNAME>Solaimalai Enterprises</LEDGERNAME>
              <ISDEEMEDPOSITIVE>Yes</ISDEEMEDPOSITIVE>
              <AMOUNT>-1308</AMOUNT>
            </ALLLEDGERENTRIES.LIST>
            <ALLLEDGERENTRIES.LIST>
              <LEDGERNAME>Discount Received</LEDGERNAME>
              <ISDEEMEDPOSITIVE>No</ISDEEMEDPOSITIVE>
              <AMOUNT>1308</AMOUNT>
            </ALLLEDGERENTRIES.LIST>
          </VOUCHER>
        </TALLYMESSAGE>
        <TALLYMESSAGE>
          <VOUCHER>
            <DATE>20220401</DATE>
            <REFERENCEDATE>20220401</REFERENCEDATE>
            <VOUCHERTYPENAME>Journal</VOUCHERTYPENAME>
            <PARTYLEDGERNAME>ICICI BANK LTD</PARTYLEDGERNAME>
            <VOUCHERNUMBER>PM134</VOUCHERNUMBER>
            <ALLLEDGERENTRIES.LIST>
              <LEDGERNAME>ICICI BANK LTD</LEDGERNAME>
              <ISDEEMEDPOSITIVE>No</ISDEEMEDPOSITIVE>
              <AMOUNT>43326</AMOUNT>
            </ALLLEDGERENTRIES.LIST>
            <ALLLEDGERENTRIES.LIST>
              <LEDGERNAME>PM 34061547 95630462</LEDGERNAME>
              <ISDEEMEDPOSITIVE>Yes</ISDEEMEDPOSITIVE>
              <AMOUNT>-43326</AMOUNT>
            </ALLLEDGERENTRIES.LIST>
          </VOUCHER>
        </TALLYMESSAGE>
        <TALLYMESSAGE>
          <VOUCHER>
            <DATE>20220401</DATE>
            <REFERENCEDATE>20220401</REFERENCEDATE>
            <VOUCHERTYPENAME>Journal</VOUCHERTYPENAME>
            <PARTYLEDGERNAME>Solaimalai Enterprises</PARTYLEDGERNAME>
            <VOUCHERNUMBER>PM151</VOUCHERNUMBER>
            <ALLLEDGERENTRIES.LIST>
              <LEDGERNAME>Solaimalai Enterprises</LEDGERNAME>
              <ISDEEMEDPOSITIVE>Yes</ISDEEMEDPOSITIVE>
              <AMOUNT>-1127</AMOUNT>
            </ALLLEDGERENTRIES.LIST>
            <ALLLEDGERENTRIES.LIST>
              <LEDGERNAME>Discount Received</LEDGERNAME>
              <ISDEEMEDPOSITIVE>No</ISDEEMEDPOSITIVE>
              <AMOUNT>1127</AMOUNT>
            </ALLLEDGERENTRIES.LIST>
          </VOUCHER>
        </TALLYMESSAGE>
        <TALLYMESSAGE>
          <VOUCHER>
            <DATE>20220401</DATE>
            <REFERENCEDATE>20220401</REFERENCEDATE>
            <VOUCHERTYPENAME>Journal</VOUCHERTYPENAME>
            <PARTYLEDGERNAME>Solaimalai Enterprises</PARTYLEDGERNAME>
            <VOUCHERNUMBER>TG153</VOUCHERNUMBER>
            <ALLLEDGERENTRIES.LIST>
              <LEDGERNAME>Solaimalai Enterprises</LEDGERNAME>
              <ISDEEMEDPOSITIVE>Yes</ISDEEMEDPOSITIVE>
              <AMOUNT>-682</AMOUNT>
            </ALLLEDGERENTRIES.LIST>
            <ALLLEDGERENTRIES.LIST>
              <LEDGERNAME>Discount Received</LEDGERNAME>
              <ISDEEMEDPOSITIVE>No</ISDEEMEDPOSITIVE>
              <AMOUNT>682</AMOUNT>
            </ALLLEDGERENTRIES.LIST>
          </VOUCHER>
        </TALLYMESSAGE>
        <TALLYMESSAGE>
          <VOUCHER>
            <DATE>20220401</DATE>
            <REFERENCEDATE>20220401</REFERENCEDATE>
            <VOUCHERTYPENAME>Journal</VOUCHERTYPENAME>
            <PARTYLEDGERNAME>Solaimalai Enterprises</PARTYLEDGERNAME>
            <VOUCHERNUMBER>DP221</VOUCHERNUMBER>
            <ALLLEDGERENTRIES.LIST>
              <LEDGERNAME>Solaimalai Enterprises</LEDGERNAME>
              <ISDEEMEDPOSITIVE>Yes</ISDEEMEDPOSITIVE>
              <AMOUNT>-1070</AMOUNT>
            </ALLLEDGERENTRIES.LIST>
            <ALLLEDGERENTRIES.LIST>
              <LEDGERNAME>Discount Received</LEDGERNAME>
              <ISDEEMEDPOSITIVE>No</ISDEEMEDPOSITIVE>
              <AMOUNT>1070</AMOUNT>
            </ALLLEDGERENTRIES.LIST>
          </VOUCHER>
        </TALLYMESSAGE>
        <TALLYMESSAGE>
          <VOUCHER>
            <DATE>20220401</DATE>
            <REFERENCEDATE>20220401</REFERENCEDATE>
            <VOUCHERTYPENAME>Journal</VOUCHERTYPENAME>
            <PARTYLEDGERNAME>Packiyam Medical Agencies</PARTYLEDGERNAME>
            <VOUCHERNUMBER>DP222</VOUCHERNUMBER>
            <ALLLEDGERENTRIES.LIST>
              <LEDGERNAME>Packiyam Medical Agencies</LEDGERNAME>
              <ISDEEMEDPOSITIVE>Yes</ISDEEMEDPOSITIVE>
              <AMOUNT>-140</AMOUNT>
            </ALLLEDGERENTRIES.LIST>
            <ALLLEDGERENTRIES.LIST>
              <LEDGERNAME>Discount Received</LEDGERNAME>
              <ISDEEMEDPOSITIVE>No</ISDEEMEDPOSITIVE>
              <AMOUNT>140</AMOUNT>
            </ALLLEDGERENTRIES.LIST>
          </VOUCHER>
        </TALLYMESSAGE>
        <TALLYMESSAGE>
          <VOUCHER>
            <DATE>20220401</DATE>
            <REFERENCEDATE>20220401</REFERENCEDATE>
            <VOUCHERTYPENAME>Journal</VOUCHERTYPENAME>
            <PARTYLEDGERNAME>Packiyam Medical Agencies</PARTYLEDGERNAME>
            <VOUCHERNUMBER>GF275</VOUCHERNUMBER>
            <ALLLEDGERENTRIES.LIST>
              <LEDGERNAME>Packiyam Medical Agencies</LEDGERNAME>
              <ISDEEMEDPOSITIVE>Yes</ISDEEMEDPOSITIVE>
              <AMOUNT>-187</AMOUNT>
            </ALLLEDGERENTRIES.LIST>
            <ALLLEDGERENTRIES.LIST>
              <LEDGERNAME>Discount Received</LEDGERNAME>
              <ISDEEMEDPOSITIVE>No</ISDEEMEDPOSITIVE>
              <AMOUNT>187</AMOUNT>
            </ALLLEDGERENTRIES.LIST>
          </VOUCHER>
        </TALLYMESSAGE>
        <TALLYMESSAGE>
          <VOUCHER>
            <DATE>20220401</DATE>
            <REFERENCEDATE>20220401</REFERENCEDATE>
            <VOUCHERTYPENAME>Journal</VOUCHERTYPENAME>
            <PARTYLEDGERNAME>Packiyam Medical Agencies</PARTYLEDGERNAME>
            <VOUCHERNUMBER>TG154</VOUCHERNUMBER>
            <ALLLEDGERENTRIES.LIST>
              <LEDGERNAME>Packiyam Medical Agencies</LEDGERNAME>
              <ISDEEMEDPOSITIVE>Yes</ISDEEMEDPOSITIVE>
              <AMOUNT>-126</AMOUNT>
            </ALLLEDGERENTRIES.LIST>
            <ALLLEDGERENTRIES.LIST>
              <LEDGERNAME>Discount Received</LEDGERNAME>
              <ISDEEMEDPOSITIVE>No</ISDEEMEDPOSITIVE>
              <AMOUNT>126</AMOUNT>
            </ALLLEDGERENTRIES.LIST>
          </VOUCHER>
        </TALLYMESSAGE>
        <TALLYMESSAGE>
          <VOUCHER>
            <DATE>20220401</DATE>
            <REFERENCEDATE>20220401</REFERENCEDATE>
            <VOUCHERTYPENAME>Journal</VOUCHERTYPENAME>
            <PARTYLEDGERNAME>Packiyam Medical Agencies</PARTYLEDGERNAME>
            <VOUCHERNUMBER>EP134</VOUCHERNUMBER>
            <ALLLEDGERENTRIES.LIST>
              <LEDGERNAME>Packiyam Medical Agencies</LEDGERNAME>
              <ISDEEMEDPOSITIVE>Yes</ISDEEMEDPOSITIVE>
              <AMOUNT>-96</AMOUNT>
            </ALLLEDGERENTRIES.LIST>
            <ALLLEDGERENTRIES.LIST>
              <LEDGERNAME>Discount Received</LEDGERNAME>
              <ISDEEMEDPOSITIVE>No</ISDEEMEDPOSITIVE>
              <AMOUNT>96</AMOUNT>
            </ALLLEDGERENTRIES.LIST>
          </VOUCHER>
        </TALLYMESSAGE>
        <TALLYMESSAGE>
          <VOUCHER>
            <DATE>20220401</DATE>
            <REFERENCEDATE>20220401</REFERENCEDATE>
            <VOUCHERTYPENAME>Journal</VOUCHERTYPENAME>
            <PARTYLEDGERNAME>Solaimalai Enterprises</PARTYLEDGERNAME>
            <VOUCHERNUMBER>GF280</VOUCHERNUMBER>
            <ALLLEDGERENTRIES.LIST>
              <LEDGERNAME>Solaimalai Enterprises</LEDGERNAME>
              <ISDEEMEDPOSITIVE>Yes</ISDEEMEDPOSITIVE>
              <AMOUNT>-1426</AMOUNT>
            </ALLLEDGERENTRIES.LIST>
            <ALLLEDGERENTRIES.LIST>
              <LEDGERNAME>Discount Received</LEDGERNAME>
              <ISDEEMEDPOSITIVE>No</ISDEEMEDPOSITIVE>
              <AMOUNT>1426</AMOUNT>
            </ALLLEDGERENTRIES.LIST>
          </VOUCHER>
        </TALLYMESSAGE>
        <TALLYMESSAGE>
          <VOUCHER>
            <DATE>20220401</DATE>
            <REFERENCEDATE>20220401</REFERENCEDATE>
            <VOUCHERTYPENAME>Journal</VOUCHERTYPENAME>
            <PARTYLEDGERNAME>ICICI BANK LTD</PARTYLEDGERNAME>
            <VOUCHERNUMBER>PM150</VOUCHERNUMBER>
            <ALLLEDGERENTRIES.LIST>
              <LEDGERNAME>ICICI BANK LTD</LEDGERNAME>
              <ISDEEMEDPOSITIVE>No</ISDEEMEDPOSITIVE>
              <AMOUNT>26700</AMOUNT>
            </ALLLEDGERENTRIES.LIST>
            <ALLLEDGERENTRIES.LIST>
              <LEDGERNAME>PM 34061547 95630462</LEDGERNAME>
              <ISDEEMEDPOSITIVE>Yes</ISDEEMEDPOSITIVE>
              <AMOUNT>-26700</AMOUNT>
            </ALLLEDGERENTRIES.LIST>
          </VOUCHER>
        </TALLYMESSAGE>
        <TALLYMESSAGE>
          <VOUCHER>
            <DATE>20220401</DATE>
            <REFERENCEDATE>20220401</REFERENCEDATE>
            <VOUCHERTYPENAME>Journal</VOUCHERTYPENAME>
            <PARTYLEDGERNAME>Packiyam Medical Agencies</PARTYLEDGERNAME>
            <VOUCHERNUMBER>GF283</VOUCHERNUMBER>
            <ALLLEDGERENTRIES.LIST>
              <LEDGERNAME>Packiyam Medical Agencies</LEDGERNAME>
              <ISDEEMEDPOSITIVE>Yes</ISDEEMEDPOSITIVE>
              <AMOUNT>-99</AMOUNT>
            </ALLLEDGERENTRIES.LIST>
            <ALLLEDGERENTRIES.LIST>
              <LEDGERNAME>Discount Received</LEDGERNAME>
              <ISDEEMEDPOSITIVE>No</ISDEEMEDPOSITIVE>
              <AMOUNT>99</AMOUNT>
            </ALLLEDGERENTRIES.LIST>
          </VOUCHER>
        </TALLYMESSAGE>
        <TALLYMESSAGE>
          <VOUCHER>
            <DATE>20220401</DATE>
            <REFERENCEDATE>20220401</REFERENCEDATE>
            <VOUCHERTYPENAME>Journal</VOUCHERTYPENAME>
            <PARTYLEDGERNAME>Packiyam Medical Agencies</PARTYLEDGERNAME>
            <VOUCHERNUMBER>TG155</VOUCHERNUMBER>
            <ALLLEDGERENTRIES.LIST>
              <LEDGERNAME>Packiyam Medical Agencies</LEDGERNAME>
              <ISDEEMEDPOSITIVE>Yes</ISDEEMEDPOSITIVE>
              <AMOUNT>-93</AMOUNT>
            </ALLLEDGERENTRIES.LIST>
            <ALLLEDGERENTRIES.LIST>
              <LEDGERNAME>Discount Received</LEDGERNAME>
              <ISDEEMEDPOSITIVE>No</ISDEEMEDPOSITIVE>
              <AMOUNT>93</AMOUNT>
            </ALLLEDGERENTRIES.LIST>
          </VOUCHER>
        </TALLYMESSAGE>
        <TALLYMESSAGE>
          <VOUCHER>
            <DATE>20220401</DATE>
            <REFERENCEDATE>20220401</REFERENCEDATE>
            <VOUCHERTYPENAME>Journal</VOUCHERTYPENAME>
            <PARTYLEDGERNAME>Packiyam Medical Agencies</PARTYLEDGERNAME>
            <VOUCHERNUMBER>TG156</VOUCHERNUMBER>
            <ALLLEDGERENTRIES.LIST>
              <LEDGERNAME>Packiyam Medical Agencies</LEDGERNAME>
              <ISDEEMEDPOSITIVE>Yes</ISDEEMEDPOSITIVE>
              <AMOUNT>-20</AMOUNT>
            </ALLLEDGERENTRIES.LIST>
            <ALLLEDGERENTRIES.LIST>
              <LEDGERNAME>Discount Received</LEDGERNAME>
              <ISDEEMEDPOSITIVE>No</ISDEEMEDPOSITIVE>
              <AMOUNT>20</AMOUNT>
            </ALLLEDGERENTRIES.LIST>
          </VOUCHER>
        </TALLYMESSAGE>
        <TALLYMESSAGE>
          <VOUCHER>
            <DATE>20220401</DATE>
            <REFERENCEDATE>20220401</REFERENCEDATE>
            <VOUCHERTYPENAME>Journal</VOUCHERTYPENAME>
            <PARTYLEDGERNAME>Kodand  International</PARTYLEDGERNAME>
            <VOUCHERNUMBER>TG158</VOUCHERNUMBER>
            <ALLLEDGERENTRIES.LIST>
              <LEDGERNAME>Kodand  International</LEDGERNAME>
              <ISDEEMEDPOSITIVE>Yes</ISDEEMEDPOSITIVE>
              <AMOUNT>-219</AMOUNT>
            </ALLLEDGERENTRIES.LIST>
            <ALLLEDGERENTRIES.LIST>
              <LEDGERNAME>Discount Received</LEDGERNAME>
              <ISDEEMEDPOSITIVE>No</ISDEEMEDPOSITIVE>
              <AMOUNT>219</AMOUNT>
            </ALLLEDGERENTRIES.LIST>
          </VOUCHER>
        </TALLYMESSAGE>
        <TALLYMESSAGE>
          <VOUCHER>
            <DATE>20220401</DATE>
            <REFERENCEDATE>20220401</REFERENCEDATE>
            <VOUCHERTYPENAME>Journal</VOUCHERTYPENAME>
            <PARTYLEDGERNAME>Wings Pharma</PARTYLEDGERNAME>
            <VOUCHERNUMBER>EP135</VOUCHERNUMBER>
            <ALLLEDGERENTRIES.LIST>
              <LEDGERNAME>Wings Pharma</LEDGERNAME>
              <ISDEEMEDPOSITIVE>Yes</ISDEEMEDPOSITIVE>
              <AMOUNT>-430</AMOUNT>
            </ALLLEDGERENTRIES.LIST>
            <ALLLEDGERENTRIES.LIST>
              <LEDGERNAME>Waste Income</LEDGERNAME>
              <ISDEEMEDPOSITIVE>No</ISDEEMEDPOSITIVE>
              <AMOUNT>430</AMOUNT>
            </ALLLEDGERENTRIES.LIST>
          </VOUCHER>
        </TALLYMESSAGE>
        <TALLYMESSAGE>
          <VOUCHER>
            <DATE>20220401</DATE>
            <REFERENCEDATE>20220401</REFERENCEDATE>
            <VOUCHERTYPENAME>Journal</VOUCHERTYPENAME>
            <PARTYLEDGERNAME>Packiyam Medical Agencies</PARTYLEDGERNAME>
            <VOUCHERNUMBER>DP224</VOUCHERNUMBER>
            <ALLLEDGERENTRIES.LIST>
              <LEDGERNAME>Packiyam Medical Agencies</LEDGERNAME>
              <ISDEEMEDPOSITIVE>Yes</ISDEEMEDPOSITIVE>
              <AMOUNT>-135</AMOUNT>
            </ALLLEDGERENTRIES.LIST>
            <ALLLEDGERENTRIES.LIST>
              <LEDGERNAME>Discount Received</LEDGERNAME>
              <ISDEEMEDPOSITIVE>No</ISDEEMEDPOSITIVE>
              <AMOUNT>135</AMOUNT>
            </ALLLEDGERENTRIES.LIST>
          </VOUCHER>
        </TALLYMESSAGE>
        <TALLYMESSAGE>
          <VOUCHER>
            <DATE>20220401</DATE>
            <REFERENCEDATE>20220401</REFERENCEDATE>
            <VOUCHERTYPENAME>Journal</VOUCHERTYPENAME>
            <PARTYLEDGERNAME>Packiyam Medical Agencies</PARTYLEDGERNAME>
            <VOUCHERNUMBER>GF284</VOUCHERNUMBER>
            <ALLLEDGERENTRIES.LIST>
              <LEDGERNAME>Packiyam Medical Agencies</LEDGERNAME>
              <ISDEEMEDPOSITIVE>Yes</ISDEEMEDPOSITIVE>
              <AMOUNT>-77</AMOUNT>
            </ALLLEDGERENTRIES.LIST>
            <ALLLEDGERENTRIES.LIST>
              <LEDGERNAME>Discount Received</LEDGERNAME>
              <ISDEEMEDPOSITIVE>No</ISDEEMEDPOSITIVE>
              <AMOUNT>77</AMOUNT>
            </ALLLEDGERENTRIES.LIST>
          </VOUCHER>
        </TALLYMESSAGE>
        <TALLYMESSAGE>
          <VOUCHER>
            <DATE>20220401</DATE>
            <REFERENCEDATE>20220401</REFERENCEDATE>
            <VOUCHERTYPENAME>Journal</VOUCHERTYPENAME>
            <PARTYLEDGERNAME>Packiyam Medical Agencies</PARTYLEDGERNAME>
            <VOUCHERNUMBER>TG159</VOUCHERNUMBER>
            <ALLLEDGERENTRIES.LIST>
              <LEDGERNAME>Packiyam Medical Agencies</LEDGERNAME>
              <ISDEEMEDPOSITIVE>Yes</ISDEEMEDPOSITIVE>
              <AMOUNT>-71</AMOUNT>
            </ALLLEDGERENTRIES.LIST>
            <ALLLEDGERENTRIES.LIST>
              <LEDGERNAME>Discount Received</LEDGERNAME>
              <ISDEEMEDPOSITIVE>No</ISDEEMEDPOSITIVE>
              <AMOUNT>71</AMOUNT>
            </ALLLEDGERENTRIES.LIST>
          </VOUCHER>
        </TALLYMESSAGE>
        <TALLYMESSAGE>
          <VOUCHER>
            <DATE>20220401</DATE>
            <REFERENCEDATE>20220401</REFERENCEDATE>
            <VOUCHERTYPENAME>Journal</VOUCHERTYPENAME>
            <PARTYLEDGERNAME>Devi Agencies</PARTYLEDGERNAME>
            <VOUCHERNUMBER>DP225</VOUCHERNUMBER>
            <ALLLEDGERENTRIES.LIST>
              <LEDGERNAME>Devi Agencies</LEDGERNAME>
              <ISDEEMEDPOSITIVE>Yes</ISDEEMEDPOSITIVE>
              <AMOUNT>-23</AMOUNT>
            </ALLLEDGERENTRIES.LIST>
            <ALLLEDGERENTRIES.LIST>
              <LEDGERNAME>Discount Received</LEDGERNAME>
              <ISDEEMEDPOSITIVE>No</ISDEEMEDPOSITIVE>
              <AMOUNT>23</AMOUNT>
            </ALLLEDGERENTRIES.LIST>
          </VOUCHER>
        </TALLYMESSAGE>
        <TALLYMESSAGE>
          <VOUCHER>
            <DATE>20220401</DATE>
            <REFERENCEDATE>20220401</REFERENCEDATE>
            <VOUCHERTYPENAME>Journal</VOUCHERTYPENAME>
            <PARTYLEDGERNAME>Packiyam Medical Agencies</PARTYLEDGERNAME>
            <VOUCHERNUMBER>EP136</VOUCHERNUMBER>
            <ALLLEDGERENTRIES.LIST>
              <LEDGERNAME>Packiyam Medical Agencies</LEDGERNAME>
              <ISDEEMEDPOSITIVE>Yes</ISDEEMEDPOSITIVE>
              <AMOUNT>-64</AMOUNT>
            </ALLLEDGERENTRIES.LIST>
            <ALLLEDGERENTRIES.LIST>
              <LEDGERNAME>Discount Received</LEDGERNAME>
              <ISDEEMEDPOSITIVE>No</ISDEEMEDPOSITIVE>
              <AMOUNT>64</AMOUNT>
            </ALLLEDGERENTRIES.LIST>
          </VOUCHER>
        </TALLYMESSAGE>
        <TALLYMESSAGE>
          <VOUCHER>
            <DATE>20220401</DATE>
            <REFERENCEDATE>20220401</REFERENCEDATE>
            <VOUCHERTYPENAME>Journal</VOUCHERTYPENAME>
            <PARTYLEDGERNAME>Kodand  International</PARTYLEDGERNAME>
            <VOUCHERNUMBER>TG160</VOUCHERNUMBER>
            <ALLLEDGERENTRIES.LIST>
              <LEDGERNAME>Kodand  International</LEDGERNAME>
              <ISDEEMEDPOSITIVE>Yes</ISDEEMEDPOSITIVE>
              <AMOUNT>-40</AMOUNT>
            </ALLLEDGERENTRIES.LIST>
            <ALLLEDGERENTRIES.LIST>
              <LEDGERNAME>Discount Received</LEDGERNAME>
              <ISDEEMEDPOSITIVE>No</ISDEEMEDPOSITIVE>
              <AMOUNT>40</AMOUNT>
            </ALLLEDGERENTRIES.LIST>
          </VOUCHER>
        </TALLYMESSAGE>
        <TALLYMESSAGE>
          <VOUCHER>
            <DATE>20220401</DATE>
            <REFERENCEDATE>20220401</REFERENCEDATE>
            <VOUCHERTYPENAME>Journal</VOUCHERTYPENAME>
            <PARTYLEDGERNAME>Parsans Pharmaceuticals</PARTYLEDGERNAME>
            <VOUCHERNUMBER>GF285</VOUCHERNUMBER>
            <ALLLEDGERENTRIES.LIST>
              <LEDGERNAME>Parsans Pharmaceuticals</LEDGERNAME>
              <ISDEEMEDPOSITIVE>Yes</ISDEEMEDPOSITIVE>
              <AMOUNT>-1092</AMOUNT>
            </ALLLEDGERENTRIES.LIST>
            <ALLLEDGERENTRIES.LIST>
              <LEDGERNAME>Discount Received</LEDGERNAME>
              <ISDEEMEDPOSITIVE>No</ISDEEMEDPOSITIVE>
              <AMOUNT>1092</AMOUNT>
            </ALLLEDGERENTRIES.LIST>
          </VOUCHER>
        </TALLYMESSAGE>
        <TALLYMESSAGE>
          <VOUCHER>
            <DATE>20220401</DATE>
            <REFERENCEDATE>20220401</REFERENCEDATE>
            <VOUCHERTYPENAME>Journal</VOUCHERTYPENAME>
            <PARTYLEDGERNAME>Wings Pharma</PARTYLEDGERNAME>
            <VOUCHERNUMBER>GF328</VOUCHERNUMBER>
            <ALLLEDGERENTRIES.LIST>
              <LEDGERNAME>Wings Pharma</LEDGERNAME>
              <ISDEEMEDPOSITIVE>Yes</ISDEEMEDPOSITIVE>
              <AMOUNT>-1781</AMOUNT>
            </ALLLEDGERENTRIES.LIST>
            <ALLLEDGERENTRIES.LIST>
              <LEDGERNAME>Discount Received</LEDGERNAME>
              <ISDEEMEDPOSITIVE>No</ISDEEMEDPOSITIVE>
              <AMOUNT>1781</AMOUNT>
            </ALLLEDGERENTRIES.LIST>
          </VOUCHER>
        </TALLYMESSAGE>
        <TALLYMESSAGE>
          <VOUCHER>
            <DATE>20220401</DATE>
            <REFERENCEDATE>20220401</REFERENCEDATE>
            <VOUCHERTYPENAME>Journal</VOUCHERTYPENAME>
            <PARTYLEDGERNAME>Apollo Enterprises</PARTYLEDGERNAME>
            <VOUCHERNUMBER>GF385</VOUCHERNUMBER>
            <ALLLEDGERENTRIES.LIST>
              <LEDGERNAME>Apollo Enterprises</LEDGERNAME>
              <ISDEEMEDPOSITIVE>Yes</ISDEEMEDPOSITIVE>
              <AMOUNT>-1540</AMOUNT>
            </ALLLEDGERENTRIES.LIST>
            <ALLLEDGERENTRIES.LIST>
              <LEDGERNAME>Discount Received</LEDGERNAME>
              <ISDEEMEDPOSITIVE>No</ISDEEMEDPOSITIVE>
              <AMOUNT>1540</AMOUNT>
            </ALLLEDGERENTRIES.LIST>
          </VOUCHER>
        </TALLYMESSAGE>
        <TALLYMESSAGE>
          <VOUCHER>
            <DATE>20220401</DATE>
            <REFERENCEDATE>20220401</REFERENCEDATE>
            <VOUCHERTYPENAME>Journal</VOUCHERTYPENAME>
            <PARTYLEDGERNAME>Porchand (Firm)</PARTYLEDGERNAME>
            <VOUCHERNUMBER>EP137</VOUCHERNUMBER>
            <ALLLEDGERENTRIES.LIST>
              <LEDGERNAME>Porchand (Firm)</LEDGERNAME>
              <ISDEEMEDPOSITIVE>Yes</ISDEEMEDPOSITIVE>
              <AMOUNT>-85</AMOUNT>
            </ALLLEDGERENTRIES.LIST>
            <ALLLEDGERENTRIES.LIST>
              <LEDGERNAME>Discount Received</LEDGERNAME>
              <ISDEEMEDPOSITIVE>No</ISDEEMEDPOSITIVE>
              <AMOUNT>85</AMOUNT>
            </ALLLEDGERENTRIES.LIST>
          </VOUCHER>
        </TALLYMESSAGE>
        <TALLYMESSAGE>
          <VOUCHER>
            <DATE>20220401</DATE>
            <REFERENCEDATE>20220401</REFERENCEDATE>
            <VOUCHERTYPENAME>Journal</VOUCHERTYPENAME>
            <PARTYLEDGERNAME>Parsans Pharmaceuticals</PARTYLEDGERNAME>
            <VOUCHERNUMBER>GF286</VOUCHERNUMBER>
            <ALLLEDGERENTRIES.LIST>
              <LEDGERNAME>Parsans Pharmaceuticals</LEDGERNAME>
              <ISDEEMEDPOSITIVE>Yes</ISDEEMEDPOSITIVE>
              <AMOUNT>-201</AMOUNT>
            </ALLLEDGERENTRIES.LIST>
            <ALLLEDGERENTRIES.LIST>
              <LEDGERNAME>Discount Received</LEDGERNAME>
              <ISDEEMEDPOSITIVE>No</ISDEEMEDPOSITIVE>
              <AMOUNT>201</AMOUNT>
            </ALLLEDGERENTRIES.LIST>
          </VOUCHER>
        </TALLYMESSAGE>
        <TALLYMESSAGE>
          <VOUCHER>
            <DATE>20220401</DATE>
            <REFERENCEDATE>20220401</REFERENCEDATE>
            <VOUCHERTYPENAME>Journal</VOUCHERTYPENAME>
            <PARTYLEDGERNAME>Parsans Pharmaceuticals</PARTYLEDGERNAME>
            <VOUCHERNUMBER>GF288</VOUCHERNUMBER>
            <ALLLEDGERENTRIES.LIST>
              <LEDGERNAME>Parsans Pharmaceuticals</LEDGERNAME>
              <ISDEEMEDPOSITIVE>Yes</ISDEEMEDPOSITIVE>
              <AMOUNT>-564</AMOUNT>
            </ALLLEDGERENTRIES.LIST>
            <ALLLEDGERENTRIES.LIST>
              <LEDGERNAME>Discount Received</LEDGERNAME>
              <ISDEEMEDPOSITIVE>No</ISDEEMEDPOSITIVE>
              <AMOUNT>564</AMOUNT>
            </ALLLEDGERENTRIES.LIST>
          </VOUCHER>
        </TALLYMESSAGE>
        <TALLYMESSAGE>
          <VOUCHER>
            <DATE>20220401</DATE>
            <REFERENCEDATE>20220401</REFERENCEDATE>
            <VOUCHERTYPENAME>Journal</VOUCHERTYPENAME>
            <PARTYLEDGERNAME>Parsans Pharmaceuticals</PARTYLEDGERNAME>
            <VOUCHERNUMBER>GF287</VOUCHERNUMBER>
            <ALLLEDGERENTRIES.LIST>
              <LEDGERNAME>Parsans Pharmaceuticals</LEDGERNAME>
              <ISDEEMEDPOSITIVE>Yes</ISDEEMEDPOSITIVE>
              <AMOUNT>-2124</AMOUNT>
            </ALLLEDGERENTRIES.LIST>
            <ALLLEDGERENTRIES.LIST>
              <LEDGERNAME>Discount Received</LEDGERNAME>
              <ISDEEMEDPOSITIVE>No</ISDEEMEDPOSITIVE>
              <AMOUNT>2124</AMOUNT>
            </ALLLEDGERENTRIES.LIST>
          </VOUCHER>
        </TALLYMESSAGE>
        <TALLYMESSAGE>
          <VOUCHER>
            <DATE>20220401</DATE>
            <REFERENCEDATE>20220401</REFERENCEDATE>
            <VOUCHERTYPENAME>Journal</VOUCHERTYPENAME>
            <PARTYLEDGERNAME>Wings Pharma</PARTYLEDGERNAME>
            <VOUCHERNUMBER>GF291</VOUCHERNUMBER>
            <ALLLEDGERENTRIES.LIST>
              <LEDGERNAME>Wings Pharma</LEDGERNAME>
              <ISDEEMEDPOSITIVE>Yes</ISDEEMEDPOSITIVE>
              <AMOUNT>-1957</AMOUNT>
            </ALLLEDGERENTRIES.LIST>
            <ALLLEDGERENTRIES.LIST>
              <LEDGERNAME>Discount Received</LEDGERNAME>
              <ISDEEMEDPOSITIVE>No</ISDEEMEDPOSITIVE>
              <AMOUNT>1957</AMOUNT>
            </ALLLEDGERENTRIES.LIST>
          </VOUCHER>
        </TALLYMESSAGE>
        <TALLYMESSAGE>
          <VOUCHER>
            <DATE>20220401</DATE>
            <REFERENCEDATE>20220401</REFERENCEDATE>
            <VOUCHERTYPENAME>Journal</VOUCHERTYPENAME>
            <PARTYLEDGERNAME>Wings Pharma</PARTYLEDGERNAME>
            <VOUCHERNUMBER>GF292</VOUCHERNUMBER>
            <ALLLEDGERENTRIES.LIST>
              <LEDGERNAME>Wings Pharma</LEDGERNAME>
              <ISDEEMEDPOSITIVE>Yes</ISDEEMEDPOSITIVE>
              <AMOUNT>-1717</AMOUNT>
            </ALLLEDGERENTRIES.LIST>
            <ALLLEDGERENTRIES.LIST>
              <LEDGERNAME>Discount Received</LEDGERNAME>
              <ISDEEMEDPOSITIVE>No</ISDEEMEDPOSITIVE>
              <AMOUNT>1717</AMOUNT>
            </ALLLEDGERENTRIES.LIST>
          </VOUCHER>
        </TALLYMESSAGE>
        <TALLYMESSAGE>
          <VOUCHER>
            <DATE>20220401</DATE>
            <REFERENCEDATE>20220401</REFERENCEDATE>
            <VOUCHERTYPENAME>Journal</VOUCHERTYPENAME>
            <PARTYLEDGERNAME>Packiyam Medical Agencies</PARTYLEDGERNAME>
            <VOUCHERNUMBER>GF289</VOUCHERNUMBER>
            <ALLLEDGERENTRIES.LIST>
              <LEDGERNAME>Packiyam Medical Agencies</LEDGERNAME>
              <ISDEEMEDPOSITIVE>Yes</ISDEEMEDPOSITIVE>
              <AMOUNT>-78</AMOUNT>
            </ALLLEDGERENTRIES.LIST>
            <ALLLEDGERENTRIES.LIST>
              <LEDGERNAME>Discount Received</LEDGERNAME>
              <ISDEEMEDPOSITIVE>No</ISDEEMEDPOSITIVE>
              <AMOUNT>78</AMOUNT>
            </ALLLEDGERENTRIES.LIST>
          </VOUCHER>
        </TALLYMESSAGE>
        <TALLYMESSAGE>
          <VOUCHER>
            <DATE>20220401</DATE>
            <REFERENCEDATE>20220401</REFERENCEDATE>
            <VOUCHERTYPENAME>Journal</VOUCHERTYPENAME>
            <PARTYLEDGERNAME>Packiyam Medical Agencies</PARTYLEDGERNAME>
            <VOUCHERNUMBER>TG161</VOUCHERNUMBER>
            <ALLLEDGERENTRIES.LIST>
              <LEDGERNAME>Packiyam Medical Agencies</LEDGERNAME>
              <ISDEEMEDPOSITIVE>Yes</ISDEEMEDPOSITIVE>
              <AMOUNT>-83</AMOUNT>
            </ALLLEDGERENTRIES.LIST>
            <ALLLEDGERENTRIES.LIST>
              <LEDGERNAME>Discount Received</LEDGERNAME>
              <ISDEEMEDPOSITIVE>No</ISDEEMEDPOSITIVE>
              <AMOUNT>83</AMOUNT>
            </ALLLEDGERENTRIES.LIST>
          </VOUCHER>
        </TALLYMESSAGE>
        <TALLYMESSAGE>
          <VOUCHER>
            <DATE>20220401</DATE>
            <REFERENCEDATE>20220401</REFERENCEDATE>
            <VOUCHERTYPENAME>Journal</VOUCHERTYPENAME>
            <PARTYLEDGERNAME>Packiyam Medical Agencies</PARTYLEDGERNAME>
            <VOUCHERNUMBER>EP138</VOUCHERNUMBER>
            <ALLLEDGERENTRIES.LIST>
              <LEDGERNAME>Packiyam Medical Agencies</LEDGERNAME>
              <ISDEEMEDPOSITIVE>Yes</ISDEEMEDPOSITIVE>
              <AMOUNT>-90</AMOUNT>
            </ALLLEDGERENTRIES.LIST>
            <ALLLEDGERENTRIES.LIST>
              <LEDGERNAME>Discount Received</LEDGERNAME>
              <ISDEEMEDPOSITIVE>No</ISDEEMEDPOSITIVE>
              <AMOUNT>90</AMOUNT>
            </ALLLEDGERENTRIES.LIST>
          </VOUCHER>
        </TALLYMESSAGE>
        <TALLYMESSAGE>
          <VOUCHER>
            <DATE>20220401</DATE>
            <REFERENCEDATE>20220401</REFERENCEDATE>
            <VOUCHERTYPENAME>Journal</VOUCHERTYPENAME>
            <PARTYLEDGERNAME>Palani Staff</PARTYLEDGERNAME>
            <VOUCHERNUMBER>DP235</VOUCHERNUMBER>
            <ALLLEDGERENTRIES.LIST>
              <LEDGERNAME>Palani Staff</LEDGERNAME>
              <ISDEEMEDPOSITIVE>No</ISDEEMEDPOSITIVE>
              <AMOUNT>16451</AMOUNT>
            </ALLLEDGERENTRIES.LIST>
            <ALLLEDGERENTRIES.LIST>
              <LEDGERNAME>Salaries And Employee Wages</LEDGERNAME>
              <ISDEEMEDPOSITIVE>Yes</ISDEEMEDPOSITIVE>
              <AMOUNT>-16451</AMOUNT>
            </ALLLEDGERENTRIES.LIST>
          </VOUCHER>
        </TALLYMESSAGE>
        <TALLYMESSAGE>
          <VOUCHER>
            <DATE>20220401</DATE>
            <REFERENCEDATE>20220401</REFERENCEDATE>
            <VOUCHERTYPENAME>Journal</VOUCHERTYPENAME>
            <PARTYLEDGERNAME>Siva Prakash Staff</PARTYLEDGERNAME>
            <VOUCHERNUMBER>DP238</VOUCHERNUMBER>
            <ALLLEDGERENTRIES.LIST>
              <LEDGERNAME>Siva Prakash Staff</LEDGERNAME>
              <ISDEEMEDPOSITIVE>No</ISDEEMEDPOSITIVE>
              <AMOUNT>15225</AMOUNT>
            </ALLLEDGERENTRIES.LIST>
            <ALLLEDGERENTRIES.LIST>
              <LEDGERNAME>Salaries And Employee Wages</LEDGERNAME>
              <ISDEEMEDPOSITIVE>Yes</ISDEEMEDPOSITIVE>
              <AMOUNT>-15225</AMOUNT>
            </ALLLEDGERENTRIES.LIST>
          </VOUCHER>
        </TALLYMESSAGE>
        <TALLYMESSAGE>
          <VOUCHER>
            <DATE>20220401</DATE>
            <REFERENCEDATE>20220401</REFERENCEDATE>
            <VOUCHERTYPENAME>Journal</VOUCHERTYPENAME>
            <PARTYLEDGERNAME>MUKASH STAFF</PARTYLEDGERNAME>
            <VOUCHERNUMBER>DP241</VOUCHERNUMBER>
            <ALLLEDGERENTRIES.LIST>
              <LEDGERNAME>MUKASH STAFF</LEDGERNAME>
              <ISDEEMEDPOSITIVE>No</ISDEEMEDPOSITIVE>
              <AMOUNT>6970</AMOUNT>
            </ALLLEDGERENTRIES.LIST>
            <ALLLEDGERENTRIES.LIST>
              <LEDGERNAME>Salaries And Employee Wages</LEDGERNAME>
              <ISDEEMEDPOSITIVE>Yes</ISDEEMEDPOSITIVE>
              <AMOUNT>-6970</AMOUNT>
            </ALLLEDGERENTRIES.LIST>
          </VOUCHER>
        </TALLYMESSAGE>
        <TALLYMESSAGE>
          <VOUCHER>
            <DATE>20220401</DATE>
            <REFERENCEDATE>20220401</REFERENCEDATE>
            <VOUCHERTYPENAME>Journal</VOUCHERTYPENAME>
            <PARTYLEDGERNAME>Karthik Raja Staff</PARTYLEDGERNAME>
            <VOUCHERNUMBER>DP242</VOUCHERNUMBER>
            <ALLLEDGERENTRIES.LIST>
              <LEDGERNAME>Karthik Raja Staff</LEDGERNAME>
              <ISDEEMEDPOSITIVE>No</ISDEEMEDPOSITIVE>
              <AMOUNT>12387</AMOUNT>
            </ALLLEDGERENTRIES.LIST>
            <ALLLEDGERENTRIES.LIST>
              <LEDGERNAME>Salaries And Employee Wages</LEDGERNAME>
              <ISDEEMEDPOSITIVE>Yes</ISDEEMEDPOSITIVE>
              <AMOUNT>-12387</AMOUNT>
            </ALLLEDGERENTRIES.LIST>
          </VOUCHER>
        </TALLYMESSAGE>
        <TALLYMESSAGE>
          <VOUCHER>
            <DATE>20220401</DATE>
            <REFERENCEDATE>20220401</REFERENCEDATE>
            <VOUCHERTYPENAME>Journal</VOUCHERTYPENAME>
            <PARTYLEDGERNAME>Karthikeyan Staff</PARTYLEDGERNAME>
            <VOUCHERNUMBER>DP231</VOUCHERNUMBER>
            <ALLLEDGERENTRIES.LIST>
              <LEDGERNAME>Karthikeyan Staff</LEDGERNAME>
              <ISDEEMEDPOSITIVE>No</ISDEEMEDPOSITIVE>
              <AMOUNT>2500</AMOUNT>
            </ALLLEDGERENTRIES.LIST>
            <ALLLEDGERENTRIES.LIST>
              <LEDGERNAME>Incentive Expense</LEDGERNAME>
              <ISDEEMEDPOSITIVE>Yes</ISDEEMEDPOSITIVE>
              <AMOUNT>-2500</AMOUNT>
            </ALLLEDGERENTRIES.LIST>
          </VOUCHER>
        </TALLYMESSAGE>
        <TALLYMESSAGE>
          <VOUCHER>
            <DATE>20220401</DATE>
            <REFERENCEDATE>20220401</REFERENCEDATE>
            <VOUCHERTYPENAME>Journal</VOUCHERTYPENAME>
            <PARTYLEDGERNAME>Mohideen Staff</PARTYLEDGERNAME>
            <VOUCHERNUMBER>DP233</VOUCHERNUMBER>
            <ALLLEDGERENTRIES.LIST>
              <LEDGERNAME>Mohideen Staff</LEDGERNAME>
              <ISDEEMEDPOSITIVE>No</ISDEEMEDPOSITIVE>
              <AMOUNT>15354</AMOUNT>
            </ALLLEDGERENTRIES.LIST>
            <ALLLEDGERENTRIES.LIST>
              <LEDGERNAME>Salaries And Employee Wages</LEDGERNAME>
              <ISDEEMEDPOSITIVE>Yes</ISDEEMEDPOSITIVE>
              <AMOUNT>-15354</AMOUNT>
            </ALLLEDGERENTRIES.LIST>
          </VOUCHER>
        </TALLYMESSAGE>
        <TALLYMESSAGE>
          <VOUCHER>
            <DATE>20220401</DATE>
            <REFERENCEDATE>20220401</REFERENCEDATE>
            <VOUCHERTYPENAME>Journal</VOUCHERTYPENAME>
            <PARTYLEDGERNAME>Palani Staff</PARTYLEDGERNAME>
            <VOUCHERNUMBER>DP237</VOUCHERNUMBER>
            <ALLLEDGERENTRIES.LIST>
              <LEDGERNAME>Palani Staff</LEDGERNAME>
              <ISDEEMEDPOSITIVE>Yes</ISDEEMEDPOSITIVE>
              <AMOUNT>-400</AMOUNT>
            </ALLLEDGERENTRIES.LIST>
            <ALLLEDGERENTRIES.LIST>
              <LEDGERNAME>Staff Account</LEDGERNAME>
              <ISDEEMEDPOSITIVE>No</ISDEEMEDPOSITIVE>
              <AMOUNT>400</AMOUNT>
            </ALLLEDGERENTRIES.LIST>
          </VOUCHER>
        </TALLYMESSAGE>
        <TALLYMESSAGE>
          <VOUCHER>
            <DATE>20220401</DATE>
            <REFERENCEDATE>20220401</REFERENCEDATE>
            <VOUCHERTYPENAME>Journal</VOUCHERTYPENAME>
            <PARTYLEDGERNAME>Siva Prakash Staff</PARTYLEDGERNAME>
            <VOUCHERNUMBER>DP240</VOUCHERNUMBER>
            <ALLLEDGERENTRIES.LIST>
              <LEDGERNAME>Siva Prakash Staff</LEDGERNAME>
              <ISDEEMEDPOSITIVE>Yes</ISDEEMEDPOSITIVE>
              <AMOUNT>-1900</AMOUNT>
            </ALLLEDGERENTRIES.LIST>
            <ALLLEDGERENTRIES.LIST>
              <LEDGERNAME>Staff Account</LEDGERNAME>
              <ISDEEMEDPOSITIVE>No</ISDEEMEDPOSITIVE>
              <AMOUNT>1900</AMOUNT>
            </ALLLEDGERENTRIES.LIST>
          </VOUCHER>
        </TALLYMESSAGE>
        <TALLYMESSAGE>
          <VOUCHER>
            <DATE>20220401</DATE>
            <REFERENCEDATE>20220401</REFERENCEDATE>
            <VOUCHERTYPENAME>Journal</VOUCHERTYPENAME>
            <PARTYLEDGERNAME>Paramasivam Labour Office Consultant</PARTYLEDGERNAME>
            <VOUCHERNUMBER>DP252</VOUCHERNUMBER>
            <ALLLEDGERENTRIES.LIST>
              <LEDGERNAME>Paramasivam Labour Office Consultant</LEDGERNAME>
              <ISDEEMEDPOSITIVE>No</ISDEEMEDPOSITIVE>
              <AMOUNT>300</AMOUNT>
            </ALLLEDGERENTRIES.LIST>
            <ALLLEDGERENTRIES.LIST>
              <LEDGERNAME>Salaries And Employee Wages</LEDGERNAME>
              <ISDEEMEDPOSITIVE>Yes</ISDEEMEDPOSITIVE>
              <AMOUNT>-300</AMOUNT>
            </ALLLEDGERENTRIES.LIST>
          </VOUCHER>
        </TALLYMESSAGE>
        <TALLYMESSAGE>
          <VOUCHER>
            <DATE>20220401</DATE>
            <REFERENCEDATE>20220401</REFERENCEDATE>
            <VOUCHERTYPENAME>Journal</VOUCHERTYPENAME>
            <PARTYLEDGERNAME>Prince Staff</PARTYLEDGERNAME>
            <VOUCHERNUMBER>DP228</VOUCHERNUMBER>
            <ALLLEDGERENTRIES.LIST>
              <LEDGERNAME>Prince Staff</LEDGERNAME>
              <ISDEEMEDPOSITIVE>No</ISDEEMEDPOSITIVE>
              <AMOUNT>5000</AMOUNT>
            </ALLLEDGERENTRIES.LIST>
            <ALLLEDGERENTRIES.LIST>
              <LEDGERNAME>Incentive Expense</LEDGERNAME>
              <ISDEEMEDPOSITIVE>Yes</ISDEEMEDPOSITIVE>
              <AMOUNT>-5000</AMOUNT>
            </ALLLEDGERENTRIES.LIST>
          </VOUCHER>
        </TALLYMESSAGE>
        <TALLYMESSAGE>
          <VOUCHER>
            <DATE>20220401</DATE>
            <REFERENCEDATE>20220401</REFERENCEDATE>
            <VOUCHERTYPENAME>Journal</VOUCHERTYPENAME>
            <PARTYLEDGERNAME>Muthu Subramanian Staff</PARTYLEDGERNAME>
            <VOUCHERNUMBER>DP229</VOUCHERNUMBER>
            <ALLLEDGERENTRIES.LIST>
              <LEDGERNAME>Muthu Subramanian Staff</LEDGERNAME>
              <ISDEEMEDPOSITIVE>No</ISDEEMEDPOSITIVE>
              <AMOUNT>10260</AMOUNT>
            </ALLLEDGERENTRIES.LIST>
            <ALLLEDGERENTRIES.LIST>
              <LEDGERNAME>Salaries And Employee Wages</LEDGERNAME>
              <ISDEEMEDPOSITIVE>Yes</ISDEEMEDPOSITIVE>
              <AMOUNT>-10260</AMOUNT>
            </ALLLEDGERENTRIES.LIST>
          </VOUCHER>
        </TALLYMESSAGE>
        <TALLYMESSAGE>
          <VOUCHER>
            <DATE>20220401</DATE>
            <REFERENCEDATE>20220401</REFERENCEDATE>
            <VOUCHERTYPENAME>Journal</VOUCHERTYPENAME>
            <PARTYLEDGERNAME>Karthikeyan Staff</PARTYLEDGERNAME>
            <VOUCHERNUMBER>DP232</VOUCHERNUMBER>
            <ALLLEDGERENTRIES.LIST>
              <LEDGERNAME>Karthikeyan Staff</LEDGERNAME>
              <ISDEEMEDPOSITIVE>Yes</ISDEEMEDPOSITIVE>
              <AMOUNT>-300</AMOUNT>
            </ALLLEDGERENTRIES.LIST>
            <ALLLEDGERENTRIES.LIST>
              <LEDGERNAME>Staff Account</LEDGERNAME>
              <ISDEEMEDPOSITIVE>No</ISDEEMEDPOSITIVE>
              <AMOUNT>300</AMOUNT>
            </ALLLEDGERENTRIES.LIST>
          </VOUCHER>
        </TALLYMESSAGE>
        <TALLYMESSAGE>
          <VOUCHER>
            <DATE>20220401</DATE>
            <REFERENCEDATE>20220401</REFERENCEDATE>
            <VOUCHERTYPENAME>Journal</VOUCHERTYPENAME>
            <PARTYLEDGERNAME>Mohideen Staff</PARTYLEDGERNAME>
            <VOUCHERNUMBER>DP234</VOUCHERNUMBER>
            <ALLLEDGERENTRIES.LIST>
              <LEDGERNAME>Mohideen Staff</LEDGERNAME>
              <ISDEEMEDPOSITIVE>No</ISDEEMEDPOSITIVE>
              <AMOUNT>3000</AMOUNT>
            </ALLLEDGERENTRIES.LIST>
            <ALLLEDGERENTRIES.LIST>
              <LEDGERNAME>Salaries And Employee Wages</LEDGERNAME>
              <ISDEEMEDPOSITIVE>Yes</ISDEEMEDPOSITIVE>
              <AMOUNT>-3000</AMOUNT>
            </ALLLEDGERENTRIES.LIST>
          </VOUCHER>
        </TALLYMESSAGE>
        <TALLYMESSAGE>
          <VOUCHER>
            <DATE>20220401</DATE>
            <REFERENCEDATE>20220401</REFERENCEDATE>
            <VOUCHERTYPENAME>Journal</VOUCHERTYPENAME>
            <PARTYLEDGERNAME>Siva Prakash Staff</PARTYLEDGERNAME>
            <VOUCHERNUMBER>DP239</VOUCHERNUMBER>
            <ALLLEDGERENTRIES.LIST>
              <LEDGERNAME>Siva Prakash Staff</LEDGERNAME>
              <ISDEEMEDPOSITIVE>No</ISDEEMEDPOSITIVE>
              <AMOUNT>6900</AMOUNT>
            </ALLLEDGERENTRIES.LIST>
            <ALLLEDGERENTRIES.LIST>
              <LEDGERNAME>Incentive Expense</LEDGERNAME>
              <ISDEEMEDPOSITIVE>Yes</ISDEEMEDPOSITIVE>
              <AMOUNT>-6900</AMOUNT>
            </ALLLEDGERENTRIES.LIST>
          </VOUCHER>
        </TALLYMESSAGE>
        <TALLYMESSAGE>
          <VOUCHER>
            <DATE>20220401</DATE>
            <REFERENCEDATE>20220401</REFERENCEDATE>
            <VOUCHERTYPENAME>Journal</VOUCHERTYPENAME>
            <PARTYLEDGERNAME>Karthik Raja Staff</PARTYLEDGERNAME>
            <VOUCHERNUMBER>DP243</VOUCHERNUMBER>
            <ALLLEDGERENTRIES.LIST>
              <LEDGERNAME>Karthik Raja Staff</LEDGERNAME>
              <ISDEEMEDPOSITIVE>No</ISDEEMEDPOSITIVE>
              <AMOUNT>3750</AMOUNT>
            </ALLLEDGERENTRIES.LIST>
            <ALLLEDGERENTRIES.LIST>
              <LEDGERNAME>Incentive Expense</LEDGERNAME>
              <ISDEEMEDPOSITIVE>Yes</ISDEEMEDPOSITIVE>
              <AMOUNT>-3750</AMOUNT>
            </ALLLEDGERENTRIES.LIST>
          </VOUCHER>
        </TALLYMESSAGE>
        <TALLYMESSAGE>
          <VOUCHER>
            <DATE>20220401</DATE>
            <REFERENCEDATE>20220401</REFERENCEDATE>
            <VOUCHERTYPENAME>Journal</VOUCHERTYPENAME>
            <PARTYLEDGERNAME>Praveen Yogaraj P Staff</PARTYLEDGERNAME>
            <VOUCHERNUMBER>DP247</VOUCHERNUMBER>
            <ALLLEDGERENTRIES.LIST>
              <LEDGERNAME>Praveen Yogaraj P Staff</LEDGERNAME>
              <ISDEEMEDPOSITIVE>No</ISDEEMEDPOSITIVE>
              <AMOUNT>5170</AMOUNT>
            </ALLLEDGERENTRIES.LIST>
            <ALLLEDGERENTRIES.LIST>
              <LEDGERNAME>Salaries And Employee Wages</LEDGERNAME>
              <ISDEEMEDPOSITIVE>Yes</ISDEEMEDPOSITIVE>
              <AMOUNT>-5170</AMOUNT>
            </ALLLEDGERENTRIES.LIST>
          </VOUCHER>
        </TALLYMESSAGE>
        <TALLYMESSAGE>
          <VOUCHER>
            <DATE>20220401</DATE>
            <REFERENCEDATE>20220401</REFERENCEDATE>
            <VOUCHERTYPENAME>Journal</VOUCHERTYPENAME>
            <PARTYLEDGERNAME>Ravi Chandran Pharmacist</PARTYLEDGERNAME>
            <VOUCHERNUMBER>DP249</VOUCHERNUMBER>
            <ALLLEDGERENTRIES.LIST>
              <LEDGERNAME>Ravi Chandran Pharmacist</LEDGERNAME>
              <ISDEEMEDPOSITIVE>No</ISDEEMEDPOSITIVE>
              <AMOUNT>2500</AMOUNT>
            </ALLLEDGERENTRIES.LIST>
            <ALLLEDGERENTRIES.LIST>
              <LEDGERNAME>Salaries And Employee Wages</LEDGERNAME>
              <ISDEEMEDPOSITIVE>Yes</ISDEEMEDPOSITIVE>
              <AMOUNT>-2500</AMOUNT>
            </ALLLEDGERENTRIES.LIST>
          </VOUCHER>
        </TALLYMESSAGE>
        <TALLYMESSAGE>
          <VOUCHER>
            <DATE>20220401</DATE>
            <REFERENCEDATE>20220401</REFERENCEDATE>
            <VOUCHERTYPENAME>Journal</VOUCHERTYPENAME>
            <PARTYLEDGERNAME>Prince Staff</PARTYLEDGERNAME>
            <VOUCHERNUMBER>DP227</VOUCHERNUMBER>
            <ALLLEDGERENTRIES.LIST>
              <LEDGERNAME>Prince Staff</LEDGERNAME>
              <ISDEEMEDPOSITIVE>No</ISDEEMEDPOSITIVE>
              <AMOUNT>16774</AMOUNT>
            </ALLLEDGERENTRIES.LIST>
            <ALLLEDGERENTRIES.LIST>
              <LEDGERNAME>Salaries And Employee Wages</LEDGERNAME>
              <ISDEEMEDPOSITIVE>Yes</ISDEEMEDPOSITIVE>
              <AMOUNT>-16774</AMOUNT>
            </ALLLEDGERENTRIES.LIST>
          </VOUCHER>
        </TALLYMESSAGE>
        <TALLYMESSAGE>
          <VOUCHER>
            <DATE>20220401</DATE>
            <REFERENCEDATE>20220401</REFERENCEDATE>
            <VOUCHERTYPENAME>Journal</VOUCHERTYPENAME>
            <PARTYLEDGERNAME>Karthikeyan Staff</PARTYLEDGERNAME>
            <VOUCHERNUMBER>DP230</VOUCHERNUMBER>
            <ALLLEDGERENTRIES.LIST>
              <LEDGERNAME>Karthikeyan Staff</LEDGERNAME>
              <ISDEEMEDPOSITIVE>No</ISDEEMEDPOSITIVE>
              <AMOUNT>12645</AMOUNT>
            </ALLLEDGERENTRIES.LIST>
            <ALLLEDGERENTRIES.LIST>
              <LEDGERNAME>Salaries And Employee Wages</LEDGERNAME>
              <ISDEEMEDPOSITIVE>Yes</ISDEEMEDPOSITIVE>
              <AMOUNT>-12645</AMOUNT>
            </ALLLEDGERENTRIES.LIST>
          </VOUCHER>
        </TALLYMESSAGE>
        <TALLYMESSAGE>
          <VOUCHER>
            <DATE>20220401</DATE>
            <REFERENCEDATE>20220401</REFERENCEDATE>
            <VOUCHERTYPENAME>Journal</VOUCHERTYPENAME>
            <PARTYLEDGERNAME>Palani Staff</PARTYLEDGERNAME>
            <VOUCHERNUMBER>DP236</VOUCHERNUMBER>
            <ALLLEDGERENTRIES.LIST>
              <LEDGERNAME>Palani Staff</LEDGERNAME>
              <ISDEEMEDPOSITIVE>No</ISDEEMEDPOSITIVE>
              <AMOUNT>5500</AMOUNT>
            </ALLLEDGERENTRIES.LIST>
            <ALLLEDGERENTRIES.LIST>
              <LEDGERNAME>Incentive Expense</LEDGERNAME>
              <ISDEEMEDPOSITIVE>Yes</ISDEEMEDPOSITIVE>
              <AMOUNT>-5500</AMOUNT>
            </ALLLEDGERENTRIES.LIST>
          </VOUCHER>
        </TALLYMESSAGE>
        <TALLYMESSAGE>
          <VOUCHER>
            <DATE>20220401</DATE>
            <REFERENCEDATE>20220401</REFERENCEDATE>
            <VOUCHERTYPENAME>Journal</VOUCHERTYPENAME>
            <PARTYLEDGERNAME>Karthik Raja Staff</PARTYLEDGERNAME>
            <VOUCHERNUMBER>DP244</VOUCHERNUMBER>
            <ALLLEDGERENTRIES.LIST>
              <LEDGERNAME>Karthik Raja Staff</LEDGERNAME>
              <ISDEEMEDPOSITIVE>Yes</ISDEEMEDPOSITIVE>
              <AMOUNT>-750</AMOUNT>
            </ALLLEDGERENTRIES.LIST>
            <ALLLEDGERENTRIES.LIST>
              <LEDGERNAME>Staff Account</LEDGERNAME>
              <ISDEEMEDPOSITIVE>No</ISDEEMEDPOSITIVE>
              <AMOUNT>750</AMOUNT>
            </ALLLEDGERENTRIES.LIST>
          </VOUCHER>
        </TALLYMESSAGE>
        <TALLYMESSAGE>
          <VOUCHER>
            <DATE>20220401</DATE>
            <REFERENCEDATE>20220401</REFERENCEDATE>
            <VOUCHERTYPENAME>Journal</VOUCHERTYPENAME>
            <PARTYLEDGERNAME>Subash Staff</PARTYLEDGERNAME>
            <VOUCHERNUMBER>DP245</VOUCHERNUMBER>
            <ALLLEDGERENTRIES.LIST>
              <LEDGERNAME>Subash Staff</LEDGERNAME>
              <ISDEEMEDPOSITIVE>No</ISDEEMEDPOSITIVE>
              <AMOUNT>7230</AMOUNT>
            </ALLLEDGERENTRIES.LIST>
            <ALLLEDGERENTRIES.LIST>
              <LEDGERNAME>Salaries And Employee Wages</LEDGERNAME>
              <ISDEEMEDPOSITIVE>Yes</ISDEEMEDPOSITIVE>
              <AMOUNT>-7230</AMOUNT>
            </ALLLEDGERENTRIES.LIST>
          </VOUCHER>
        </TALLYMESSAGE>
        <TALLYMESSAGE>
          <VOUCHER>
            <DATE>20220401</DATE>
            <REFERENCEDATE>20220401</REFERENCEDATE>
            <VOUCHERTYPENAME>Journal</VOUCHERTYPENAME>
            <PARTYLEDGERNAME>Manooj Kumar Staff</PARTYLEDGERNAME>
            <VOUCHERNUMBER>DP246</VOUCHERNUMBER>
            <ALLLEDGERENTRIES.LIST>
              <LEDGERNAME>Manooj Kumar Staff</LEDGERNAME>
              <ISDEEMEDPOSITIVE>No</ISDEEMEDPOSITIVE>
              <AMOUNT>5680</AMOUNT>
            </ALLLEDGERENTRIES.LIST>
            <ALLLEDGERENTRIES.LIST>
              <LEDGERNAME>Salaries And Employee Wages</LEDGERNAME>
              <ISDEEMEDPOSITIVE>Yes</ISDEEMEDPOSITIVE>
              <AMOUNT>-5680</AMOUNT>
            </ALLLEDGERENTRIES.LIST>
          </VOUCHER>
        </TALLYMESSAGE>
        <TALLYMESSAGE>
          <VOUCHER>
            <DATE>20220401</DATE>
            <REFERENCEDATE>20220401</REFERENCEDATE>
            <VOUCHERTYPENAME>Journal</VOUCHERTYPENAME>
            <PARTYLEDGERNAME>Parsans Pharmaceuticals</PARTYLEDGERNAME>
            <VOUCHERNUMBER>GF290</VOUCHERNUMBER>
            <ALLLEDGERENTRIES.LIST>
              <LEDGERNAME>Parsans Pharmaceuticals</LEDGERNAME>
              <ISDEEMEDPOSITIVE>Yes</ISDEEMEDPOSITIVE>
              <AMOUNT>-803</AMOUNT>
            </ALLLEDGERENTRIES.LIST>
            <ALLLEDGERENTRIES.LIST>
              <LEDGERNAME>Discount Received</LEDGERNAME>
              <ISDEEMEDPOSITIVE>No</ISDEEMEDPOSITIVE>
              <AMOUNT>803</AMOUNT>
            </ALLLEDGERENTRIES.LIST>
          </VOUCHER>
        </TALLYMESSAGE>
        <TALLYMESSAGE>
          <VOUCHER>
            <DATE>20220401</DATE>
            <REFERENCEDATE>20220401</REFERENCEDATE>
            <VOUCHERTYPENAME>Journal</VOUCHERTYPENAME>
            <PARTYLEDGERNAME>Muthu Kumar V Staff</PARTYLEDGERNAME>
            <VOUCHERNUMBER>GF297</VOUCHERNUMBER>
            <ALLLEDGERENTRIES.LIST>
              <LEDGERNAME>Muthu Kumar V Staff</LEDGERNAME>
              <ISDEEMEDPOSITIVE>No</ISDEEMEDPOSITIVE>
              <AMOUNT>14000</AMOUNT>
            </ALLLEDGERENTRIES.LIST>
            <ALLLEDGERENTRIES.LIST>
              <LEDGERNAME>Salaries And Employee Wages</LEDGERNAME>
              <ISDEEMEDPOSITIVE>Yes</ISDEEMEDPOSITIVE>
              <AMOUNT>-14000</AMOUNT>
            </ALLLEDGERENTRIES.LIST>
          </VOUCHER>
        </TALLYMESSAGE>
        <TALLYMESSAGE>
          <VOUCHER>
            <DATE>20220401</DATE>
            <REFERENCEDATE>20220401</REFERENCEDATE>
            <VOUCHERTYPENAME>Journal</VOUCHERTYPENAME>
            <PARTYLEDGERNAME>Mohamed Insha Satff</PARTYLEDGERNAME>
            <VOUCHERNUMBER>GF303</VOUCHERNUMBER>
            <ALLLEDGERENTRIES.LIST>
              <LEDGERNAME>Mohamed Insha Satff</LEDGERNAME>
              <ISDEEMEDPOSITIVE>No</ISDEEMEDPOSITIVE>
              <AMOUNT>16935</AMOUNT>
            </ALLLEDGERENTRIES.LIST>
            <ALLLEDGERENTRIES.LIST>
              <LEDGERNAME>Salaries And Employee Wages</LEDGERNAME>
              <ISDEEMEDPOSITIVE>Yes</ISDEEMEDPOSITIVE>
              <AMOUNT>-16935</AMOUNT>
            </ALLLEDGERENTRIES.LIST>
          </VOUCHER>
        </TALLYMESSAGE>
        <TALLYMESSAGE>
          <VOUCHER>
            <DATE>20220401</DATE>
            <REFERENCEDATE>20220401</REFERENCEDATE>
            <VOUCHERTYPENAME>Journal</VOUCHERTYPENAME>
            <PARTYLEDGERNAME>Steffi Staff</PARTYLEDGERNAME>
            <VOUCHERNUMBER>GF307</VOUCHERNUMBER>
            <ALLLEDGERENTRIES.LIST>
              <LEDGERNAME>Steffi Staff</LEDGERNAME>
              <ISDEEMEDPOSITIVE>No</ISDEEMEDPOSITIVE>
              <AMOUNT>8860</AMOUNT>
            </ALLLEDGERENTRIES.LIST>
            <ALLLEDGERENTRIES.LIST>
              <LEDGERNAME>Salaries And Employee Wages</LEDGERNAME>
              <ISDEEMEDPOSITIVE>Yes</ISDEEMEDPOSITIVE>
              <AMOUNT>-8860</AMOUNT>
            </ALLLEDGERENTRIES.LIST>
          </VOUCHER>
        </TALLYMESSAGE>
        <TALLYMESSAGE>
          <VOUCHER>
            <DATE>20220401</DATE>
            <REFERENCEDATE>20220401</REFERENCEDATE>
            <VOUCHERTYPENAME>Journal</VOUCHERTYPENAME>
            <PARTYLEDGERNAME>Raja Lakshmi Staff</PARTYLEDGERNAME>
            <VOUCHERNUMBER>GF308</VOUCHERNUMBER>
            <ALLLEDGERENTRIES.LIST>
              <LEDGERNAME>Raja Lakshmi Staff</LEDGERNAME>
              <ISDEEMEDPOSITIVE>No</ISDEEMEDPOSITIVE>
              <AMOUNT>11290</AMOUNT>
            </ALLLEDGERENTRIES.LIST>
            <ALLLEDGERENTRIES.LIST>
              <LEDGERNAME>Salaries And Employee Wages</LEDGERNAME>
              <ISDEEMEDPOSITIVE>Yes</ISDEEMEDPOSITIVE>
              <AMOUNT>-11290</AMOUNT>
            </ALLLEDGERENTRIES.LIST>
          </VOUCHER>
        </TALLYMESSAGE>
        <TALLYMESSAGE>
          <VOUCHER>
            <DATE>20220401</DATE>
            <REFERENCEDATE>20220401</REFERENCEDATE>
            <VOUCHERTYPENAME>Journal</VOUCHERTYPENAME>
            <PARTYLEDGERNAME>Prema Staff</PARTYLEDGERNAME>
            <VOUCHERNUMBER>GF309</VOUCHERNUMBER>
            <ALLLEDGERENTRIES.LIST>
              <LEDGERNAME>Prema Staff</LEDGERNAME>
              <ISDEEMEDPOSITIVE>No</ISDEEMEDPOSITIVE>
              <AMOUNT>8129</AMOUNT>
            </ALLLEDGERENTRIES.LIST>
            <ALLLEDGERENTRIES.LIST>
              <LEDGERNAME>Salaries And Employee Wages</LEDGERNAME>
              <ISDEEMEDPOSITIVE>Yes</ISDEEMEDPOSITIVE>
              <AMOUNT>-8129</AMOUNT>
            </ALLLEDGERENTRIES.LIST>
          </VOUCHER>
        </TALLYMESSAGE>
        <TALLYMESSAGE>
          <VOUCHER>
            <DATE>20220401</DATE>
            <REFERENCEDATE>20220401</REFERENCEDATE>
            <VOUCHERTYPENAME>Journal</VOUCHERTYPENAME>
            <PARTYLEDGERNAME>Paramasivam Labour Office Consultant</PARTYLEDGERNAME>
            <VOUCHERNUMBER>GF312</VOUCHERNUMBER>
            <ALLLEDGERENTRIES.LIST>
              <LEDGERNAME>Paramasivam Labour Office Consultant</LEDGERNAME>
              <ISDEEMEDPOSITIVE>No</ISDEEMEDPOSITIVE>
              <AMOUNT>300</AMOUNT>
            </ALLLEDGERENTRIES.LIST>
            <ALLLEDGERENTRIES.LIST>
              <LEDGERNAME>Salaries And Employee Wages</LEDGERNAME>
              <ISDEEMEDPOSITIVE>Yes</ISDEEMEDPOSITIVE>
              <AMOUNT>-300</AMOUNT>
            </ALLLEDGERENTRIES.LIST>
          </VOUCHER>
        </TALLYMESSAGE>
        <TALLYMESSAGE>
          <VOUCHER>
            <DATE>20220401</DATE>
            <REFERENCEDATE>20220401</REFERENCEDATE>
            <VOUCHERTYPENAME>Journal</VOUCHERTYPENAME>
            <PARTYLEDGERNAME>Janani Staff</PARTYLEDGERNAME>
            <VOUCHERNUMBER>GF293</VOUCHERNUMBER>
            <ALLLEDGERENTRIES.LIST>
              <LEDGERNAME>Janani Staff</LEDGERNAME>
              <ISDEEMEDPOSITIVE>No</ISDEEMEDPOSITIVE>
              <AMOUNT>8419</AMOUNT>
            </ALLLEDGERENTRIES.LIST>
            <ALLLEDGERENTRIES.LIST>
              <LEDGERNAME>Salaries And Employee Wages</LEDGERNAME>
              <ISDEEMEDPOSITIVE>Yes</ISDEEMEDPOSITIVE>
              <AMOUNT>-8419</AMOUNT>
            </ALLLEDGERENTRIES.LIST>
          </VOUCHER>
        </TALLYMESSAGE>
        <TALLYMESSAGE>
          <VOUCHER>
            <DATE>20220401</DATE>
            <REFERENCEDATE>20220401</REFERENCEDATE>
            <VOUCHERTYPENAME>Journal</VOUCHERTYPENAME>
            <PARTYLEDGERNAME>Thangapalam Staff</PARTYLEDGERNAME>
            <VOUCHERNUMBER>GF295</VOUCHERNUMBER>
            <ALLLEDGERENTRIES.LIST>
              <LEDGERNAME>Thangapalam Staff</LEDGERNAME>
              <ISDEEMEDPOSITIVE>No</ISDEEMEDPOSITIVE>
              <AMOUNT>4500</AMOUNT>
            </ALLLEDGERENTRIES.LIST>
            <ALLLEDGERENTRIES.LIST>
              <LEDGERNAME>Incentive Expense</LEDGERNAME>
              <ISDEEMEDPOSITIVE>Yes</ISDEEMEDPOSITIVE>
              <AMOUNT>-4500</AMOUNT>
            </ALLLEDGERENTRIES.LIST>
          </VOUCHER>
        </TALLYMESSAGE>
        <TALLYMESSAGE>
          <VOUCHER>
            <DATE>20220401</DATE>
            <REFERENCEDATE>20220401</REFERENCEDATE>
            <VOUCHERTYPENAME>Journal</VOUCHERTYPENAME>
            <PARTYLEDGERNAME>MUTHU KRISHNAN STAFF</PARTYLEDGERNAME>
            <VOUCHERNUMBER>GF296</VOUCHERNUMBER>
            <ALLLEDGERENTRIES.LIST>
              <LEDGERNAME>MUTHU KRISHNAN STAFF</LEDGERNAME>
              <ISDEEMEDPOSITIVE>No</ISDEEMEDPOSITIVE>
              <AMOUNT>9483</AMOUNT>
            </ALLLEDGERENTRIES.LIST>
            <ALLLEDGERENTRIES.LIST>
              <LEDGERNAME>Salaries And Employee Wages</LEDGERNAME>
              <ISDEEMEDPOSITIVE>Yes</ISDEEMEDPOSITIVE>
              <AMOUNT>-9483</AMOUNT>
            </ALLLEDGERENTRIES.LIST>
          </VOUCHER>
        </TALLYMESSAGE>
        <TALLYMESSAGE>
          <VOUCHER>
            <DATE>20220401</DATE>
            <REFERENCEDATE>20220401</REFERENCEDATE>
            <VOUCHERTYPENAME>Journal</VOUCHERTYPENAME>
            <PARTYLEDGERNAME>Muthu Kumar V Staff</PARTYLEDGERNAME>
            <VOUCHERNUMBER>GF299</VOUCHERNUMBER>
            <ALLLEDGERENTRIES.LIST>
              <LEDGERNAME>Muthu Kumar V Staff</LEDGERNAME>
              <ISDEEMEDPOSITIVE>Yes</ISDEEMEDPOSITIVE>
              <AMOUNT>-500</AMOUNT>
            </ALLLEDGERENTRIES.LIST>
            <ALLLEDGERENTRIES.LIST>
              <LEDGERNAME>Staff Account</LEDGERNAME>
              <ISDEEMEDPOSITIVE>No</ISDEEMEDPOSITIVE>
              <AMOUNT>500</AMOUNT>
            </ALLLEDGERENTRIES.LIST>
          </VOUCHER>
        </TALLYMESSAGE>
        <TALLYMESSAGE>
          <VOUCHER>
            <DATE>20220401</DATE>
            <REFERENCEDATE>20220401</REFERENCEDATE>
            <VOUCHERTYPENAME>Journal</VOUCHERTYPENAME>
            <PARTYLEDGERNAME>Sakthi Noth Staff</PARTYLEDGERNAME>
            <VOUCHERNUMBER>GF300</VOUCHERNUMBER>
            <ALLLEDGERENTRIES.LIST>
              <LEDGERNAME>Sakthi Noth Staff</LEDGERNAME>
              <ISDEEMEDPOSITIVE>No</ISDEEMEDPOSITIVE>
              <AMOUNT>7000</AMOUNT>
            </ALLLEDGERENTRIES.LIST>
            <ALLLEDGERENTRIES.LIST>
              <LEDGERNAME>Salaries And Employee Wages</LEDGERNAME>
              <ISDEEMEDPOSITIVE>Yes</ISDEEMEDPOSITIVE>
              <AMOUNT>-7000</AMOUNT>
            </ALLLEDGERENTRIES.LIST>
          </VOUCHER>
        </TALLYMESSAGE>
        <TALLYMESSAGE>
          <VOUCHER>
            <DATE>20220401</DATE>
            <REFERENCEDATE>20220401</REFERENCEDATE>
            <VOUCHERTYPENAME>Journal</VOUCHERTYPENAME>
            <PARTYLEDGERNAME>Mohamed Insha Satff</PARTYLEDGERNAME>
            <VOUCHERNUMBER>GF304</VOUCHERNUMBER>
            <ALLLEDGERENTRIES.LIST>
              <LEDGERNAME>Mohamed Insha Satff</LEDGERNAME>
              <ISDEEMEDPOSITIVE>No</ISDEEMEDPOSITIVE>
              <AMOUNT>2500</AMOUNT>
            </ALLLEDGERENTRIES.LIST>
            <ALLLEDGERENTRIES.LIST>
              <LEDGERNAME>Incentive Expense</LEDGERNAME>
              <ISDEEMEDPOSITIVE>Yes</ISDEEMEDPOSITIVE>
              <AMOUNT>-2500</AMOUNT>
            </ALLLEDGERENTRIES.LIST>
          </VOUCHER>
        </TALLYMESSAGE>
        <TALLYMESSAGE>
          <VOUCHER>
            <DATE>20220401</DATE>
            <REFERENCEDATE>20220401</REFERENCEDATE>
            <VOUCHERTYPENAME>Journal</VOUCHERTYPENAME>
            <PARTYLEDGERNAME>Meghala ESI&amp;PF Consultant</PARTYLEDGERNAME>
            <VOUCHERNUMBER>GF322</VOUCHERNUMBER>
            <ALLLEDGERENTRIES.LIST>
              <LEDGERNAME>Meghala ESI&amp;PF Consultant</LEDGERNAME>
              <ISDEEMEDPOSITIVE>No</ISDEEMEDPOSITIVE>
              <AMOUNT>1500</AMOUNT>
            </ALLLEDGERENTRIES.LIST>
            <ALLLEDGERENTRIES.LIST>
              <LEDGERNAME>Salaries And Employee Wages</LEDGERNAME>
              <ISDEEMEDPOSITIVE>Yes</ISDEEMEDPOSITIVE>
              <AMOUNT>-1500</AMOUNT>
            </ALLLEDGERENTRIES.LIST>
          </VOUCHER>
        </TALLYMESSAGE>
        <TALLYMESSAGE>
          <VOUCHER>
            <DATE>20220401</DATE>
            <REFERENCEDATE>20220401</REFERENCEDATE>
            <VOUCHERTYPENAME>Journal</VOUCHERTYPENAME>
            <PARTYLEDGERNAME>Thangapalam Staff</PARTYLEDGERNAME>
            <VOUCHERNUMBER>GF294</VOUCHERNUMBER>
            <ALLLEDGERENTRIES.LIST>
              <LEDGERNAME>Thangapalam Staff</LEDGERNAME>
              <ISDEEMEDPOSITIVE>No</ISDEEMEDPOSITIVE>
              <AMOUNT>17548</AMOUNT>
            </ALLLEDGERENTRIES.LIST>
            <ALLLEDGERENTRIES.LIST>
              <LEDGERNAME>Salaries And Employee Wages</LEDGERNAME>
              <ISDEEMEDPOSITIVE>Yes</ISDEEMEDPOSITIVE>
              <AMOUNT>-17548</AMOUNT>
            </ALLLEDGERENTRIES.LIST>
          </VOUCHER>
        </TALLYMESSAGE>
        <TALLYMESSAGE>
          <VOUCHER>
            <DATE>20220401</DATE>
            <REFERENCEDATE>20220401</REFERENCEDATE>
            <VOUCHERTYPENAME>Journal</VOUCHERTYPENAME>
            <PARTYLEDGERNAME>VINO RAJESH STAFF</PARTYLEDGERNAME>
            <VOUCHERNUMBER>GF301</VOUCHERNUMBER>
            <ALLLEDGERENTRIES.LIST>
              <LEDGERNAME>VINO RAJESH STAFF</LEDGERNAME>
              <ISDEEMEDPOSITIVE>No</ISDEEMEDPOSITIVE>
              <AMOUNT>7870</AMOUNT>
            </ALLLEDGERENTRIES.LIST>
            <ALLLEDGERENTRIES.LIST>
              <LEDGERNAME>Salaries And Employee Wages</LEDGERNAME>
              <ISDEEMEDPOSITIVE>Yes</ISDEEMEDPOSITIVE>
              <AMOUNT>-7870</AMOUNT>
            </ALLLEDGERENTRIES.LIST>
          </VOUCHER>
        </TALLYMESSAGE>
        <TALLYMESSAGE>
          <VOUCHER>
            <DATE>20220401</DATE>
            <REFERENCEDATE>20220401</REFERENCEDATE>
            <VOUCHERTYPENAME>Journal</VOUCHERTYPENAME>
            <PARTYLEDGERNAME>Mutharasi Staff</PARTYLEDGERNAME>
            <VOUCHERNUMBER>GF302</VOUCHERNUMBER>
            <ALLLEDGERENTRIES.LIST>
              <LEDGERNAME>Mutharasi Staff</LEDGERNAME>
              <ISDEEMEDPOSITIVE>No</ISDEEMEDPOSITIVE>
              <AMOUNT>6330</AMOUNT>
            </ALLLEDGERENTRIES.LIST>
            <ALLLEDGERENTRIES.LIST>
              <LEDGERNAME>Salaries And Employee Wages</LEDGERNAME>
              <ISDEEMEDPOSITIVE>Yes</ISDEEMEDPOSITIVE>
              <AMOUNT>-6330</AMOUNT>
            </ALLLEDGERENTRIES.LIST>
          </VOUCHER>
        </TALLYMESSAGE>
        <TALLYMESSAGE>
          <VOUCHER>
            <DATE>20220401</DATE>
            <REFERENCEDATE>20220401</REFERENCEDATE>
            <VOUCHERTYPENAME>Journal</VOUCHERTYPENAME>
            <PARTYLEDGERNAME>Paramasivam Labour Office Consultant</PARTYLEDGERNAME>
            <VOUCHERNUMBER>GF313</VOUCHERNUMBER>
            <ALLLEDGERENTRIES.LIST>
              <LEDGERNAME>Paramasivam Labour Office Consultant</LEDGERNAME>
              <ISDEEMEDPOSITIVE>No</ISDEEMEDPOSITIVE>
              <AMOUNT>1400</AMOUNT>
            </ALLLEDGERENTRIES.LIST>
            <ALLLEDGERENTRIES.LIST>
              <LEDGERNAME>Miscellaneous Expense</LEDGERNAME>
              <ISDEEMEDPOSITIVE>Yes</ISDEEMEDPOSITIVE>
              <AMOUNT>-1400</AMOUNT>
            </ALLLEDGERENTRIES.LIST>
          </VOUCHER>
        </TALLYMESSAGE>
        <TALLYMESSAGE>
          <VOUCHER>
            <DATE>20220401</DATE>
            <REFERENCEDATE>20220401</REFERENCEDATE>
            <VOUCHERTYPENAME>Journal</VOUCHERTYPENAME>
            <PARTYLEDGERNAME>Muthu Kumar V Staff</PARTYLEDGERNAME>
            <VOUCHERNUMBER>GF298</VOUCHERNUMBER>
            <ALLLEDGERENTRIES.LIST>
              <LEDGERNAME>Muthu Kumar V Staff</LEDGERNAME>
              <ISDEEMEDPOSITIVE>No</ISDEEMEDPOSITIVE>
              <AMOUNT>3150</AMOUNT>
            </ALLLEDGERENTRIES.LIST>
            <ALLLEDGERENTRIES.LIST>
              <LEDGERNAME>Incentive Expense</LEDGERNAME>
              <ISDEEMEDPOSITIVE>Yes</ISDEEMEDPOSITIVE>
              <AMOUNT>-3150</AMOUNT>
            </ALLLEDGERENTRIES.LIST>
          </VOUCHER>
        </TALLYMESSAGE>
        <TALLYMESSAGE>
          <VOUCHER>
            <DATE>20220401</DATE>
            <REFERENCEDATE>20220401</REFERENCEDATE>
            <VOUCHERTYPENAME>Journal</VOUCHERTYPENAME>
            <PARTYLEDGERNAME>Muni Kumar Pharmacist</PARTYLEDGERNAME>
            <VOUCHERNUMBER>GF306</VOUCHERNUMBER>
            <ALLLEDGERENTRIES.LIST>
              <LEDGERNAME>Muni Kumar Pharmacist</LEDGERNAME>
              <ISDEEMEDPOSITIVE>No</ISDEEMEDPOSITIVE>
              <AMOUNT>2500</AMOUNT>
            </ALLLEDGERENTRIES.LIST>
            <ALLLEDGERENTRIES.LIST>
              <LEDGERNAME>Salaries And Employee Wages</LEDGERNAME>
              <ISDEEMEDPOSITIVE>Yes</ISDEEMEDPOSITIVE>
              <AMOUNT>-2500</AMOUNT>
            </ALLLEDGERENTRIES.LIST>
          </VOUCHER>
        </TALLYMESSAGE>
        <TALLYMESSAGE>
          <VOUCHER>
            <DATE>20220401</DATE>
            <REFERENCEDATE>20220401</REFERENCEDATE>
            <VOUCHERTYPENAME>Journal</VOUCHERTYPENAME>
            <PARTYLEDGERNAME>AISHWARYA R STAFF</PARTYLEDGERNAME>
            <VOUCHERNUMBER>GF310</VOUCHERNUMBER>
            <ALLLEDGERENTRIES.LIST>
              <LEDGERNAME>AISHWARYA R STAFF</LEDGERNAME>
              <ISDEEMEDPOSITIVE>No</ISDEEMEDPOSITIVE>
              <AMOUNT>2580</AMOUNT>
            </ALLLEDGERENTRIES.LIST>
            <ALLLEDGERENTRIES.LIST>
              <LEDGERNAME>Salaries And Employee Wages</LEDGERNAME>
              <ISDEEMEDPOSITIVE>Yes</ISDEEMEDPOSITIVE>
              <AMOUNT>-2580</AMOUNT>
            </ALLLEDGERENTRIES.LIST>
          </VOUCHER>
        </TALLYMESSAGE>
        <TALLYMESSAGE>
          <VOUCHER>
            <DATE>20220401</DATE>
            <REFERENCEDATE>20220401</REFERENCEDATE>
            <VOUCHERTYPENAME>Journal</VOUCHERTYPENAME>
            <PARTYLEDGERNAME>Mohamed Asath Staff</PARTYLEDGERNAME>
            <VOUCHERNUMBER>PM154</VOUCHERNUMBER>
            <ALLLEDGERENTRIES.LIST>
              <LEDGERNAME>Mohamed Asath Staff</LEDGERNAME>
              <ISDEEMEDPOSITIVE>No</ISDEEMEDPOSITIVE>
              <AMOUNT>2950</AMOUNT>
            </ALLLEDGERENTRIES.LIST>
            <ALLLEDGERENTRIES.LIST>
              <LEDGERNAME>Incentive Expense</LEDGERNAME>
              <ISDEEMEDPOSITIVE>Yes</ISDEEMEDPOSITIVE>
              <AMOUNT>-2950</AMOUNT>
            </ALLLEDGERENTRIES.LIST>
          </VOUCHER>
        </TALLYMESSAGE>
        <TALLYMESSAGE>
          <VOUCHER>
            <DATE>20220401</DATE>
            <REFERENCEDATE>20220401</REFERENCEDATE>
            <VOUCHERTYPENAME>Journal</VOUCHERTYPENAME>
            <PARTYLEDGERNAME>Raja Pandi M Staff</PARTYLEDGERNAME>
            <VOUCHERNUMBER>PM158</VOUCHERNUMBER>
            <ALLLEDGERENTRIES.LIST>
              <LEDGERNAME>Raja Pandi M Staff</LEDGERNAME>
              <ISDEEMEDPOSITIVE>No</ISDEEMEDPOSITIVE>
              <AMOUNT>15225</AMOUNT>
            </ALLLEDGERENTRIES.LIST>
            <ALLLEDGERENTRIES.LIST>
              <LEDGERNAME>Salaries And Employee Wages</LEDGERNAME>
              <ISDEEMEDPOSITIVE>Yes</ISDEEMEDPOSITIVE>
              <AMOUNT>-15225</AMOUNT>
            </ALLLEDGERENTRIES.LIST>
          </VOUCHER>
        </TALLYMESSAGE>
        <TALLYMESSAGE>
          <VOUCHER>
            <DATE>20220401</DATE>
            <REFERENCEDATE>20220401</REFERENCEDATE>
            <VOUCHERTYPENAME>Journal</VOUCHERTYPENAME>
            <PARTYLEDGERNAME>Raja Pandi M Staff</PARTYLEDGERNAME>
            <VOUCHERNUMBER>PM159</VOUCHERNUMBER>
            <ALLLEDGERENTRIES.LIST>
              <LEDGERNAME>Raja Pandi M Staff</LEDGERNAME>
              <ISDEEMEDPOSITIVE>No</ISDEEMEDPOSITIVE>
              <AMOUNT>4050</AMOUNT>
            </ALLLEDGERENTRIES.LIST>
            <ALLLEDGERENTRIES.LIST>
              <LEDGERNAME>Incentive Expense</LEDGERNAME>
              <ISDEEMEDPOSITIVE>Yes</ISDEEMEDPOSITIVE>
              <AMOUNT>-4050</AMOUNT>
            </ALLLEDGERENTRIES.LIST>
          </VOUCHER>
        </TALLYMESSAGE>
        <TALLYMESSAGE>
          <VOUCHER>
            <DATE>20220401</DATE>
            <REFERENCEDATE>20220401</REFERENCEDATE>
            <VOUCHERTYPENAME>Journal</VOUCHERTYPENAME>
            <PARTYLEDGERNAME>Maharajan M PALAY Staff</PARTYLEDGERNAME>
            <VOUCHERNUMBER>PM162</VOUCHERNUMBER>
            <ALLLEDGERENTRIES.LIST>
              <LEDGERNAME>Maharajan M PALAY Staff</LEDGERNAME>
              <ISDEEMEDPOSITIVE>No</ISDEEMEDPOSITIVE>
              <AMOUNT>10650</AMOUNT>
            </ALLLEDGERENTRIES.LIST>
            <ALLLEDGERENTRIES.LIST>
              <LEDGERNAME>Salaries And Employee Wages</LEDGERNAME>
              <ISDEEMEDPOSITIVE>Yes</ISDEEMEDPOSITIVE>
              <AMOUNT>-10650</AMOUNT>
            </ALLLEDGERENTRIES.LIST>
          </VOUCHER>
        </TALLYMESSAGE>
        <TALLYMESSAGE>
          <VOUCHER>
            <DATE>20220401</DATE>
            <REFERENCEDATE>20220401</REFERENCEDATE>
            <VOUCHERTYPENAME>Journal</VOUCHERTYPENAME>
            <PARTYLEDGERNAME>MARIAPPAN P PALAY STAFF</PARTYLEDGERNAME>
            <VOUCHERNUMBER>PM164</VOUCHERNUMBER>
            <ALLLEDGERENTRIES.LIST>
              <LEDGERNAME>MARIAPPAN P PALAY STAFF</LEDGERNAME>
              <ISDEEMEDPOSITIVE>No</ISDEEMEDPOSITIVE>
              <AMOUNT>3450</AMOUNT>
            </ALLLEDGERENTRIES.LIST>
            <ALLLEDGERENTRIES.LIST>
              <LEDGERNAME>Incentive Expense</LEDGERNAME>
              <ISDEEMEDPOSITIVE>Yes</ISDEEMEDPOSITIVE>
              <AMOUNT>-3450</AMOUNT>
            </ALLLEDGERENTRIES.LIST>
          </VOUCHER>
        </TALLYMESSAGE>
        <TALLYMESSAGE>
          <VOUCHER>
            <DATE>20220401</DATE>
            <REFERENCEDATE>20220401</REFERENCEDATE>
            <VOUCHERTYPENAME>Journal</VOUCHERTYPENAME>
            <PARTYLEDGERNAME>Mohamed Asath Staff</PARTYLEDGERNAME>
            <VOUCHERNUMBER>PM155</VOUCHERNUMBER>
            <ALLLEDGERENTRIES.LIST>
              <LEDGERNAME>Mohamed Asath Staff</LEDGERNAME>
              <ISDEEMEDPOSITIVE>Yes</ISDEEMEDPOSITIVE>
              <AMOUNT>-300</AMOUNT>
            </ALLLEDGERENTRIES.LIST>
            <ALLLEDGERENTRIES.LIST>
              <LEDGERNAME>Staff Account</LEDGERNAME>
              <ISDEEMEDPOSITIVE>No</ISDEEMEDPOSITIVE>
              <AMOUNT>300</AMOUNT>
            </ALLLEDGERENTRIES.LIST>
          </VOUCHER>
        </TALLYMESSAGE>
        <TALLYMESSAGE>
          <VOUCHER>
            <DATE>20220401</DATE>
            <REFERENCEDATE>20220401</REFERENCEDATE>
            <VOUCHERTYPENAME>Journal</VOUCHERTYPENAME>
            <PARTYLEDGERNAME>Subramanian L Staff</PARTYLEDGERNAME>
            <VOUCHERNUMBER>PM156</VOUCHERNUMBER>
            <ALLLEDGERENTRIES.LIST>
              <LEDGERNAME>Subramanian L Staff</LEDGERNAME>
              <ISDEEMEDPOSITIVE>No</ISDEEMEDPOSITIVE>
              <AMOUNT>15967</AMOUNT>
            </ALLLEDGERENTRIES.LIST>
            <ALLLEDGERENTRIES.LIST>
              <LEDGERNAME>Salaries And Employee Wages</LEDGERNAME>
              <ISDEEMEDPOSITIVE>Yes</ISDEEMEDPOSITIVE>
              <AMOUNT>-15967</AMOUNT>
            </ALLLEDGERENTRIES.LIST>
          </VOUCHER>
        </TALLYMESSAGE>
        <TALLYMESSAGE>
          <VOUCHER>
            <DATE>20220401</DATE>
            <REFERENCEDATE>20220401</REFERENCEDATE>
            <VOUCHERTYPENAME>Journal</VOUCHERTYPENAME>
            <PARTYLEDGERNAME>Subramanian L Staff</PARTYLEDGERNAME>
            <VOUCHERNUMBER>PM157</VOUCHERNUMBER>
            <ALLLEDGERENTRIES.LIST>
              <LEDGERNAME>Subramanian L Staff</LEDGERNAME>
              <ISDEEMEDPOSITIVE>No</ISDEEMEDPOSITIVE>
              <AMOUNT>2000</AMOUNT>
            </ALLLEDGERENTRIES.LIST>
            <ALLLEDGERENTRIES.LIST>
              <LEDGERNAME>Incentive Expense</LEDGERNAME>
              <ISDEEMEDPOSITIVE>Yes</ISDEEMEDPOSITIVE>
              <AMOUNT>-2000</AMOUNT>
            </ALLLEDGERENTRIES.LIST>
          </VOUCHER>
        </TALLYMESSAGE>
        <TALLYMESSAGE>
          <VOUCHER>
            <DATE>20220401</DATE>
            <REFERENCEDATE>20220401</REFERENCEDATE>
            <VOUCHERTYPENAME>Journal</VOUCHERTYPENAME>
            <PARTYLEDGERNAME>SHEEBA K STAFF</PARTYLEDGERNAME>
            <VOUCHERNUMBER>PM166</VOUCHERNUMBER>
            <ALLLEDGERENTRIES.LIST>
              <LEDGERNAME>SHEEBA K STAFF</LEDGERNAME>
              <ISDEEMEDPOSITIVE>No</ISDEEMEDPOSITIVE>
              <AMOUNT>7750</AMOUNT>
            </ALLLEDGERENTRIES.LIST>
            <ALLLEDGERENTRIES.LIST>
              <LEDGERNAME>Salaries And Employee Wages</LEDGERNAME>
              <ISDEEMEDPOSITIVE>Yes</ISDEEMEDPOSITIVE>
              <AMOUNT>-7750</AMOUNT>
            </ALLLEDGERENTRIES.LIST>
          </VOUCHER>
        </TALLYMESSAGE>
        <TALLYMESSAGE>
          <VOUCHER>
            <DATE>20220401</DATE>
            <REFERENCEDATE>20220401</REFERENCEDATE>
            <VOUCHERTYPENAME>Journal</VOUCHERTYPENAME>
            <PARTYLEDGERNAME>Raja Pandi M Staff</PARTYLEDGERNAME>
            <VOUCHERNUMBER>PM160</VOUCHERNUMBER>
            <ALLLEDGERENTRIES.LIST>
              <LEDGERNAME>Raja Pandi M Staff</LEDGERNAME>
              <ISDEEMEDPOSITIVE>Yes</ISDEEMEDPOSITIVE>
              <AMOUNT>-550</AMOUNT>
            </ALLLEDGERENTRIES.LIST>
            <ALLLEDGERENTRIES.LIST>
              <LEDGERNAME>Staff Account</LEDGERNAME>
              <ISDEEMEDPOSITIVE>No</ISDEEMEDPOSITIVE>
              <AMOUNT>550</AMOUNT>
            </ALLLEDGERENTRIES.LIST>
          </VOUCHER>
        </TALLYMESSAGE>
        <TALLYMESSAGE>
          <VOUCHER>
            <DATE>20220401</DATE>
            <REFERENCEDATE>20220401</REFERENCEDATE>
            <VOUCHERTYPENAME>Journal</VOUCHERTYPENAME>
            <PARTYLEDGERNAME>Sulthan Badusha Staff</PARTYLEDGERNAME>
            <VOUCHERNUMBER>PM161</VOUCHERNUMBER>
            <ALLLEDGERENTRIES.LIST>
              <LEDGERNAME>Sulthan Badusha Staff</LEDGERNAME>
              <ISDEEMEDPOSITIVE>No</ISDEEMEDPOSITIVE>
              <AMOUNT>10330</AMOUNT>
            </ALLLEDGERENTRIES.LIST>
            <ALLLEDGERENTRIES.LIST>
              <LEDGERNAME>Salaries And Employee Wages</LEDGERNAME>
              <ISDEEMEDPOSITIVE>Yes</ISDEEMEDPOSITIVE>
              <AMOUNT>-10330</AMOUNT>
            </ALLLEDGERENTRIES.LIST>
          </VOUCHER>
        </TALLYMESSAGE>
        <TALLYMESSAGE>
          <VOUCHER>
            <DATE>20220401</DATE>
            <REFERENCEDATE>20220401</REFERENCEDATE>
            <VOUCHERTYPENAME>Journal</VOUCHERTYPENAME>
            <PARTYLEDGERNAME>MARIAPPAN P PALAY STAFF</PARTYLEDGERNAME>
            <VOUCHERNUMBER>PM163</VOUCHERNUMBER>
            <ALLLEDGERENTRIES.LIST>
              <LEDGERNAME>MARIAPPAN P PALAY STAFF</LEDGERNAME>
              <ISDEEMEDPOSITIVE>No</ISDEEMEDPOSITIVE>
              <AMOUNT>15967</AMOUNT>
            </ALLLEDGERENTRIES.LIST>
            <ALLLEDGERENTRIES.LIST>
              <LEDGERNAME>Salaries And Employee Wages</LEDGERNAME>
              <ISDEEMEDPOSITIVE>Yes</ISDEEMEDPOSITIVE>
              <AMOUNT>-15967</AMOUNT>
            </ALLLEDGERENTRIES.LIST>
          </VOUCHER>
        </TALLYMESSAGE>
        <TALLYMESSAGE>
          <VOUCHER>
            <DATE>20220401</DATE>
            <REFERENCEDATE>20220401</REFERENCEDATE>
            <VOUCHERTYPENAME>Journal</VOUCHERTYPENAME>
            <PARTYLEDGERNAME>Mohamed Asath Staff</PARTYLEDGERNAME>
            <VOUCHERNUMBER>PM153</VOUCHERNUMBER>
            <ALLLEDGERENTRIES.LIST>
              <LEDGERNAME>Mohamed Asath Staff</LEDGERNAME>
              <ISDEEMEDPOSITIVE>No</ISDEEMEDPOSITIVE>
              <AMOUNT>15483</AMOUNT>
            </ALLLEDGERENTRIES.LIST>
            <ALLLEDGERENTRIES.LIST>
              <LEDGERNAME>Salaries And Employee Wages</LEDGERNAME>
              <ISDEEMEDPOSITIVE>Yes</ISDEEMEDPOSITIVE>
              <AMOUNT>-15483</AMOUNT>
            </ALLLEDGERENTRIES.LIST>
          </VOUCHER>
        </TALLYMESSAGE>
        <TALLYMESSAGE>
          <VOUCHER>
            <DATE>20220401</DATE>
            <REFERENCEDATE>20220401</REFERENCEDATE>
            <VOUCHERTYPENAME>Journal</VOUCHERTYPENAME>
            <PARTYLEDGERNAME>MARIAPPAN P PALAY STAFF</PARTYLEDGERNAME>
            <VOUCHERNUMBER>PM165</VOUCHERNUMBER>
            <ALLLEDGERENTRIES.LIST>
              <LEDGERNAME>MARIAPPAN P PALAY STAFF</LEDGERNAME>
              <ISDEEMEDPOSITIVE>Yes</ISDEEMEDPOSITIVE>
              <AMOUNT>-250</AMOUNT>
            </ALLLEDGERENTRIES.LIST>
            <ALLLEDGERENTRIES.LIST>
              <LEDGERNAME>Staff Account</LEDGERNAME>
              <ISDEEMEDPOSITIVE>No</ISDEEMEDPOSITIVE>
              <AMOUNT>250</AMOUNT>
            </ALLLEDGERENTRIES.LIST>
          </VOUCHER>
        </TALLYMESSAGE>
        <TALLYMESSAGE>
          <VOUCHER>
            <DATE>20220401</DATE>
            <REFERENCEDATE>20220401</REFERENCEDATE>
            <VOUCHERTYPENAME>Journal</VOUCHERTYPENAME>
            <PARTYLEDGERNAME>Ameer Satff</PARTYLEDGERNAME>
            <VOUCHERNUMBER>SN152</VOUCHERNUMBER>
            <ALLLEDGERENTRIES.LIST>
              <LEDGERNAME>Ameer Satff</LEDGERNAME>
              <ISDEEMEDPOSITIVE>No</ISDEEMEDPOSITIVE>
              <AMOUNT>2000</AMOUNT>
            </ALLLEDGERENTRIES.LIST>
            <ALLLEDGERENTRIES.LIST>
              <LEDGERNAME>Incentive Expense</LEDGERNAME>
              <ISDEEMEDPOSITIVE>Yes</ISDEEMEDPOSITIVE>
              <AMOUNT>-2000</AMOUNT>
            </ALLLEDGERENTRIES.LIST>
          </VOUCHER>
        </TALLYMESSAGE>
        <TALLYMESSAGE>
          <VOUCHER>
            <DATE>20220401</DATE>
            <REFERENCEDATE>20220401</REFERENCEDATE>
            <VOUCHERTYPENAME>Journal</VOUCHERTYPENAME>
            <PARTYLEDGERNAME>Yogesh Staff</PARTYLEDGERNAME>
            <VOUCHERNUMBER>SN157</VOUCHERNUMBER>
            <ALLLEDGERENTRIES.LIST>
              <LEDGERNAME>Yogesh Staff</LEDGERNAME>
              <ISDEEMEDPOSITIVE>No</ISDEEMEDPOSITIVE>
              <AMOUNT>1917</AMOUNT>
            </ALLLEDGERENTRIES.LIST>
            <ALLLEDGERENTRIES.LIST>
              <LEDGERNAME>Incentive Expense</LEDGERNAME>
              <ISDEEMEDPOSITIVE>Yes</ISDEEMEDPOSITIVE>
              <AMOUNT>-1917</AMOUNT>
            </ALLLEDGERENTRIES.LIST>
          </VOUCHER>
        </TALLYMESSAGE>
        <TALLYMESSAGE>
          <VOUCHER>
            <DATE>20220401</DATE>
            <REFERENCEDATE>20220401</REFERENCEDATE>
            <VOUCHERTYPENAME>Journal</VOUCHERTYPENAME>
            <PARTYLEDGERNAME>Yogesh Staff</PARTYLEDGERNAME>
            <VOUCHERNUMBER>SN158</VOUCHERNUMBER>
            <ALLLEDGERENTRIES.LIST>
              <LEDGERNAME>Yogesh Staff</LEDGERNAME>
              <ISDEEMEDPOSITIVE>Yes</ISDEEMEDPOSITIVE>
              <AMOUNT>-217</AMOUNT>
            </ALLLEDGERENTRIES.LIST>
            <ALLLEDGERENTRIES.LIST>
              <LEDGERNAME>Incentive Expense</LEDGERNAME>
              <ISDEEMEDPOSITIVE>No</ISDEEMEDPOSITIVE>
              <AMOUNT>217</AMOUNT>
            </ALLLEDGERENTRIES.LIST>
          </VOUCHER>
        </TALLYMESSAGE>
        <TALLYMESSAGE>
          <VOUCHER>
            <DATE>20220401</DATE>
            <REFERENCEDATE>20220401</REFERENCEDATE>
            <VOUCHERTYPENAME>Journal</VOUCHERTYPENAME>
            <PARTYLEDGERNAME>Manthira Moorthy</PARTYLEDGERNAME>
            <VOUCHERNUMBER>SN160</VOUCHERNUMBER>
            <ALLLEDGERENTRIES.LIST>
              <LEDGERNAME>Manthira Moorthy</LEDGERNAME>
              <ISDEEMEDPOSITIVE>No</ISDEEMEDPOSITIVE>
              <AMOUNT>12387</AMOUNT>
            </ALLLEDGERENTRIES.LIST>
            <ALLLEDGERENTRIES.LIST>
              <LEDGERNAME>Salaries And Employee Wages</LEDGERNAME>
              <ISDEEMEDPOSITIVE>Yes</ISDEEMEDPOSITIVE>
              <AMOUNT>-12387</AMOUNT>
            </ALLLEDGERENTRIES.LIST>
          </VOUCHER>
        </TALLYMESSAGE>
        <TALLYMESSAGE>
          <VOUCHER>
            <DATE>20220401</DATE>
            <REFERENCEDATE>20220401</REFERENCEDATE>
            <VOUCHERTYPENAME>Journal</VOUCHERTYPENAME>
            <PARTYLEDGERNAME>Ameer Satff</PARTYLEDGERNAME>
            <VOUCHERNUMBER>SN151</VOUCHERNUMBER>
            <ALLLEDGERENTRIES.LIST>
              <LEDGERNAME>Ameer Satff</LEDGERNAME>
              <ISDEEMEDPOSITIVE>No</ISDEEMEDPOSITIVE>
              <AMOUNT>16516</AMOUNT>
            </ALLLEDGERENTRIES.LIST>
            <ALLLEDGERENTRIES.LIST>
              <LEDGERNAME>Salaries And Employee Wages</LEDGERNAME>
              <ISDEEMEDPOSITIVE>Yes</ISDEEMEDPOSITIVE>
              <AMOUNT>-16516</AMOUNT>
            </ALLLEDGERENTRIES.LIST>
          </VOUCHER>
        </TALLYMESSAGE>
        <TALLYMESSAGE>
          <VOUCHER>
            <DATE>20220401</DATE>
            <REFERENCEDATE>20220401</REFERENCEDATE>
            <VOUCHERTYPENAME>Journal</VOUCHERTYPENAME>
            <PARTYLEDGERNAME>Sankar Kumar Staff</PARTYLEDGERNAME>
            <VOUCHERNUMBER>SN153</VOUCHERNUMBER>
            <ALLLEDGERENTRIES.LIST>
              <LEDGERNAME>Sankar Kumar Staff</LEDGERNAME>
              <ISDEEMEDPOSITIVE>No</ISDEEMEDPOSITIVE>
              <AMOUNT>17548</AMOUNT>
            </ALLLEDGERENTRIES.LIST>
            <ALLLEDGERENTRIES.LIST>
              <LEDGERNAME>Salaries And Employee Wages</LEDGERNAME>
              <ISDEEMEDPOSITIVE>Yes</ISDEEMEDPOSITIVE>
              <AMOUNT>-17548</AMOUNT>
            </ALLLEDGERENTRIES.LIST>
          </VOUCHER>
        </TALLYMESSAGE>
        <TALLYMESSAGE>
          <VOUCHER>
            <DATE>20220401</DATE>
            <REFERENCEDATE>20220401</REFERENCEDATE>
            <VOUCHERTYPENAME>Journal</VOUCHERTYPENAME>
            <PARTYLEDGERNAME>Manthira Moorthy</PARTYLEDGERNAME>
            <VOUCHERNUMBER>SN161</VOUCHERNUMBER>
            <ALLLEDGERENTRIES.LIST>
              <LEDGERNAME>Manthira Moorthy</LEDGERNAME>
              <ISDEEMEDPOSITIVE>No</ISDEEMEDPOSITIVE>
              <AMOUNT>2250</AMOUNT>
            </ALLLEDGERENTRIES.LIST>
            <ALLLEDGERENTRIES.LIST>
              <LEDGERNAME>Incentive Expense</LEDGERNAME>
              <ISDEEMEDPOSITIVE>Yes</ISDEEMEDPOSITIVE>
              <AMOUNT>-2250</AMOUNT>
            </ALLLEDGERENTRIES.LIST>
          </VOUCHER>
        </TALLYMESSAGE>
        <TALLYMESSAGE>
          <VOUCHER>
            <DATE>20220401</DATE>
            <REFERENCEDATE>20220401</REFERENCEDATE>
            <VOUCHERTYPENAME>Journal</VOUCHERTYPENAME>
            <PARTYLEDGERNAME>Manthira Moorthy</PARTYLEDGERNAME>
            <VOUCHERNUMBER>SN162</VOUCHERNUMBER>
            <ALLLEDGERENTRIES.LIST>
              <LEDGERNAME>Manthira Moorthy</LEDGERNAME>
              <ISDEEMEDPOSITIVE>Yes</ISDEEMEDPOSITIVE>
              <AMOUNT>-250</AMOUNT>
            </ALLLEDGERENTRIES.LIST>
            <ALLLEDGERENTRIES.LIST>
              <LEDGERNAME>Staff Account</LEDGERNAME>
              <ISDEEMEDPOSITIVE>No</ISDEEMEDPOSITIVE>
              <AMOUNT>250</AMOUNT>
            </ALLLEDGERENTRIES.LIST>
          </VOUCHER>
        </TALLYMESSAGE>
        <TALLYMESSAGE>
          <VOUCHER>
            <DATE>20220401</DATE>
            <REFERENCEDATE>20220401</REFERENCEDATE>
            <VOUCHERTYPENAME>Journal</VOUCHERTYPENAME>
            <PARTYLEDGERNAME>Sankar Kumar Staff</PARTYLEDGERNAME>
            <VOUCHERNUMBER>SN154</VOUCHERNUMBER>
            <ALLLEDGERENTRIES.LIST>
              <LEDGERNAME>Sankar Kumar Staff</LEDGERNAME>
              <ISDEEMEDPOSITIVE>No</ISDEEMEDPOSITIVE>
              <AMOUNT>3300</AMOUNT>
            </ALLLEDGERENTRIES.LIST>
            <ALLLEDGERENTRIES.LIST>
              <LEDGERNAME>Incentive Expense</LEDGERNAME>
              <ISDEEMEDPOSITIVE>Yes</ISDEEMEDPOSITIVE>
              <AMOUNT>-3300</AMOUNT>
            </ALLLEDGERENTRIES.LIST>
          </VOUCHER>
        </TALLYMESSAGE>
        <TALLYMESSAGE>
          <VOUCHER>
            <DATE>20220401</DATE>
            <REFERENCEDATE>20220401</REFERENCEDATE>
            <VOUCHERTYPENAME>Journal</VOUCHERTYPENAME>
            <PARTYLEDGERNAME>ESSAKI MUTHU M JUNCTION STAFF</PARTYLEDGERNAME>
            <VOUCHERNUMBER>SN159</VOUCHERNUMBER>
            <ALLLEDGERENTRIES.LIST>
              <LEDGERNAME>ESSAKI MUTHU M JUNCTION STAFF</LEDGERNAME>
              <ISDEEMEDPOSITIVE>No</ISDEEMEDPOSITIVE>
              <AMOUNT>12780</AMOUNT>
            </ALLLEDGERENTRIES.LIST>
            <ALLLEDGERENTRIES.LIST>
              <LEDGERNAME>Salaries And Employee Wages</LEDGERNAME>
              <ISDEEMEDPOSITIVE>Yes</ISDEEMEDPOSITIVE>
              <AMOUNT>-12780</AMOUNT>
            </ALLLEDGERENTRIES.LIST>
          </VOUCHER>
        </TALLYMESSAGE>
        <TALLYMESSAGE>
          <VOUCHER>
            <DATE>20220401</DATE>
            <REFERENCEDATE>20220401</REFERENCEDATE>
            <VOUCHERTYPENAME>Journal</VOUCHERTYPENAME>
            <PARTYLEDGERNAME>Najima Staff</PARTYLEDGERNAME>
            <VOUCHERNUMBER>SN155</VOUCHERNUMBER>
            <ALLLEDGERENTRIES.LIST>
              <LEDGERNAME>Najima Staff</LEDGERNAME>
              <ISDEEMEDPOSITIVE>No</ISDEEMEDPOSITIVE>
              <AMOUNT>10170</AMOUNT>
            </ALLLEDGERENTRIES.LIST>
            <ALLLEDGERENTRIES.LIST>
              <LEDGERNAME>Salaries And Employee Wages</LEDGERNAME>
              <ISDEEMEDPOSITIVE>Yes</ISDEEMEDPOSITIVE>
              <AMOUNT>-10170</AMOUNT>
            </ALLLEDGERENTRIES.LIST>
          </VOUCHER>
        </TALLYMESSAGE>
        <TALLYMESSAGE>
          <VOUCHER>
            <DATE>20220401</DATE>
            <REFERENCEDATE>20220401</REFERENCEDATE>
            <VOUCHERTYPENAME>Journal</VOUCHERTYPENAME>
            <PARTYLEDGERNAME>Yogesh Staff</PARTYLEDGERNAME>
            <VOUCHERNUMBER>SN156</VOUCHERNUMBER>
            <ALLLEDGERENTRIES.LIST>
              <LEDGERNAME>Yogesh Staff</LEDGERNAME>
              <ISDEEMEDPOSITIVE>No</ISDEEMEDPOSITIVE>
              <AMOUNT>11612</AMOUNT>
            </ALLLEDGERENTRIES.LIST>
            <ALLLEDGERENTRIES.LIST>
              <LEDGERNAME>Salaries And Employee Wages</LEDGERNAME>
              <ISDEEMEDPOSITIVE>Yes</ISDEEMEDPOSITIVE>
              <AMOUNT>-11612</AMOUNT>
            </ALLLEDGERENTRIES.LIST>
          </VOUCHER>
        </TALLYMESSAGE>
        <TALLYMESSAGE>
          <VOUCHER>
            <DATE>20220401</DATE>
            <REFERENCEDATE>20220401</REFERENCEDATE>
            <VOUCHERTYPENAME>Journal</VOUCHERTYPENAME>
            <PARTYLEDGERNAME>Mariappan East Staff</PARTYLEDGERNAME>
            <VOUCHERNUMBER>TG167</VOUCHERNUMBER>
            <ALLLEDGERENTRIES.LIST>
              <LEDGERNAME>Mariappan East Staff</LEDGERNAME>
              <ISDEEMEDPOSITIVE>No</ISDEEMEDPOSITIVE>
              <AMOUNT>3380</AMOUNT>
            </ALLLEDGERENTRIES.LIST>
            <ALLLEDGERENTRIES.LIST>
              <LEDGERNAME>Incentive Expense</LEDGERNAME>
              <ISDEEMEDPOSITIVE>Yes</ISDEEMEDPOSITIVE>
              <AMOUNT>-3380</AMOUNT>
            </ALLLEDGERENTRIES.LIST>
          </VOUCHER>
        </TALLYMESSAGE>
        <TALLYMESSAGE>
          <VOUCHER>
            <DATE>20220401</DATE>
            <REFERENCEDATE>20220401</REFERENCEDATE>
            <VOUCHERTYPENAME>Journal</VOUCHERTYPENAME>
            <PARTYLEDGERNAME>Sudha Lakshmi Pharmacist</PARTYLEDGERNAME>
            <VOUCHERNUMBER>TG173</VOUCHERNUMBER>
            <ALLLEDGERENTRIES.LIST>
              <LEDGERNAME>Sudha Lakshmi Pharmacist</LEDGERNAME>
              <ISDEEMEDPOSITIVE>No</ISDEEMEDPOSITIVE>
              <AMOUNT>3000</AMOUNT>
            </ALLLEDGERENTRIES.LIST>
            <ALLLEDGERENTRIES.LIST>
              <LEDGERNAME>Salaries And Employee Wages</LEDGERNAME>
              <ISDEEMEDPOSITIVE>Yes</ISDEEMEDPOSITIVE>
              <AMOUNT>-3000</AMOUNT>
            </ALLLEDGERENTRIES.LIST>
          </VOUCHER>
        </TALLYMESSAGE>
        <TALLYMESSAGE>
          <VOUCHER>
            <DATE>20220401</DATE>
            <REFERENCEDATE>20220401</REFERENCEDATE>
            <VOUCHERTYPENAME>Journal</VOUCHERTYPENAME>
            <PARTYLEDGERNAME>Mariappan East Staff</PARTYLEDGERNAME>
            <VOUCHERNUMBER>TG166</VOUCHERNUMBER>
            <ALLLEDGERENTRIES.LIST>
              <LEDGERNAME>Mariappan East Staff</LEDGERNAME>
              <ISDEEMEDPOSITIVE>No</ISDEEMEDPOSITIVE>
              <AMOUNT>17806</AMOUNT>
            </ALLLEDGERENTRIES.LIST>
            <ALLLEDGERENTRIES.LIST>
              <LEDGERNAME>Salaries And Employee Wages</LEDGERNAME>
              <ISDEEMEDPOSITIVE>Yes</ISDEEMEDPOSITIVE>
              <AMOUNT>-17806</AMOUNT>
            </ALLLEDGERENTRIES.LIST>
          </VOUCHER>
        </TALLYMESSAGE>
        <TALLYMESSAGE>
          <VOUCHER>
            <DATE>20220401</DATE>
            <REFERENCEDATE>20220401</REFERENCEDATE>
            <VOUCHERTYPENAME>Journal</VOUCHERTYPENAME>
            <PARTYLEDGERNAME>Dhana Pal Staff</PARTYLEDGERNAME>
            <VOUCHERNUMBER>TG168</VOUCHERNUMBER>
            <ALLLEDGERENTRIES.LIST>
              <LEDGERNAME>Dhana Pal Staff</LEDGERNAME>
              <ISDEEMEDPOSITIVE>No</ISDEEMEDPOSITIVE>
              <AMOUNT>8910</AMOUNT>
            </ALLLEDGERENTRIES.LIST>
            <ALLLEDGERENTRIES.LIST>
              <LEDGERNAME>Salaries And Employee Wages</LEDGERNAME>
              <ISDEEMEDPOSITIVE>Yes</ISDEEMEDPOSITIVE>
              <AMOUNT>-8910</AMOUNT>
            </ALLLEDGERENTRIES.LIST>
          </VOUCHER>
        </TALLYMESSAGE>
        <TALLYMESSAGE>
          <VOUCHER>
            <DATE>20220401</DATE>
            <REFERENCEDATE>20220401</REFERENCEDATE>
            <VOUCHERTYPENAME>Journal</VOUCHERTYPENAME>
            <PARTYLEDGERNAME>Dunamis P Staff</PARTYLEDGERNAME>
            <VOUCHERNUMBER>TG170</VOUCHERNUMBER>
            <ALLLEDGERENTRIES.LIST>
              <LEDGERNAME>Dunamis P Staff</LEDGERNAME>
              <ISDEEMEDPOSITIVE>No</ISDEEMEDPOSITIVE>
              <AMOUNT>8516</AMOUNT>
            </ALLLEDGERENTRIES.LIST>
            <ALLLEDGERENTRIES.LIST>
              <LEDGERNAME>Salaries And Employee Wages</LEDGERNAME>
              <ISDEEMEDPOSITIVE>Yes</ISDEEMEDPOSITIVE>
              <AMOUNT>-8516</AMOUNT>
            </ALLLEDGERENTRIES.LIST>
          </VOUCHER>
        </TALLYMESSAGE>
        <TALLYMESSAGE>
          <VOUCHER>
            <DATE>20220401</DATE>
            <REFERENCEDATE>20220401</REFERENCEDATE>
            <VOUCHERTYPENAME>Journal</VOUCHERTYPENAME>
            <PARTYLEDGERNAME>Merina Staff</PARTYLEDGERNAME>
            <VOUCHERNUMBER>TG171</VOUCHERNUMBER>
            <ALLLEDGERENTRIES.LIST>
              <LEDGERNAME>Merina Staff</LEDGERNAME>
              <ISDEEMEDPOSITIVE>No</ISDEEMEDPOSITIVE>
              <AMOUNT>5080</AMOUNT>
            </ALLLEDGERENTRIES.LIST>
            <ALLLEDGERENTRIES.LIST>
              <LEDGERNAME>Salaries And Employee Wages</LEDGERNAME>
              <ISDEEMEDPOSITIVE>Yes</ISDEEMEDPOSITIVE>
              <AMOUNT>-5080</AMOUNT>
            </ALLLEDGERENTRIES.LIST>
          </VOUCHER>
        </TALLYMESSAGE>
        <TALLYMESSAGE>
          <VOUCHER>
            <DATE>20220401</DATE>
            <REFERENCEDATE>20220401</REFERENCEDATE>
            <VOUCHERTYPENAME>Journal</VOUCHERTYPENAME>
            <PARTYLEDGERNAME>SEENIVASAN M</PARTYLEDGERNAME>
            <VOUCHERNUMBER>TG169</VOUCHERNUMBER>
            <ALLLEDGERENTRIES.LIST>
              <LEDGERNAME>SEENIVASAN M</LEDGERNAME>
              <ISDEEMEDPOSITIVE>No</ISDEEMEDPOSITIVE>
              <AMOUNT>10645</AMOUNT>
            </ALLLEDGERENTRIES.LIST>
            <ALLLEDGERENTRIES.LIST>
              <LEDGERNAME>Salaries And Employee Wages</LEDGERNAME>
              <ISDEEMEDPOSITIVE>Yes</ISDEEMEDPOSITIVE>
              <AMOUNT>-10645</AMOUNT>
            </ALLLEDGERENTRIES.LIST>
          </VOUCHER>
        </TALLYMESSAGE>
        <TALLYMESSAGE>
          <VOUCHER>
            <DATE>20220401</DATE>
            <REFERENCEDATE>20220401</REFERENCEDATE>
            <VOUCHERTYPENAME>Journal</VOUCHERTYPENAME>
            <PARTYLEDGERNAME>Paramasivam Labour Office Consultant</PARTYLEDGERNAME>
            <VOUCHERNUMBER>TG175</VOUCHERNUMBER>
            <ALLLEDGERENTRIES.LIST>
              <LEDGERNAME>Paramasivam Labour Office Consultant</LEDGERNAME>
              <ISDEEMEDPOSITIVE>No</ISDEEMEDPOSITIVE>
              <AMOUNT>300</AMOUNT>
            </ALLLEDGERENTRIES.LIST>
            <ALLLEDGERENTRIES.LIST>
              <LEDGERNAME>Salaries And Employee Wages</LEDGERNAME>
              <ISDEEMEDPOSITIVE>Yes</ISDEEMEDPOSITIVE>
              <AMOUNT>-300</AMOUNT>
            </ALLLEDGERENTRIES.LIST>
          </VOUCHER>
        </TALLYMESSAGE>
        <TALLYMESSAGE>
          <VOUCHER>
            <DATE>20220401</DATE>
            <REFERENCEDATE>20220401</REFERENCEDATE>
            <VOUCHERTYPENAME>Journal</VOUCHERTYPENAME>
            <PARTYLEDGERNAME>Ramesh Satff</PARTYLEDGERNAME>
            <VOUCHERNUMBER>TG163</VOUCHERNUMBER>
            <ALLLEDGERENTRIES.LIST>
              <LEDGERNAME>Ramesh Satff</LEDGERNAME>
              <ISDEEMEDPOSITIVE>No</ISDEEMEDPOSITIVE>
              <AMOUNT>6193</AMOUNT>
            </ALLLEDGERENTRIES.LIST>
            <ALLLEDGERENTRIES.LIST>
              <LEDGERNAME>Salaries And Employee Wages</LEDGERNAME>
              <ISDEEMEDPOSITIVE>Yes</ISDEEMEDPOSITIVE>
              <AMOUNT>-6193</AMOUNT>
            </ALLLEDGERENTRIES.LIST>
          </VOUCHER>
        </TALLYMESSAGE>
        <TALLYMESSAGE>
          <VOUCHER>
            <DATE>20220401</DATE>
            <REFERENCEDATE>20220401</REFERENCEDATE>
            <VOUCHERTYPENAME>Journal</VOUCHERTYPENAME>
            <PARTYLEDGERNAME>Ramesh Satff</PARTYLEDGERNAME>
            <VOUCHERNUMBER>TG164</VOUCHERNUMBER>
            <ALLLEDGERENTRIES.LIST>
              <LEDGERNAME>Ramesh Satff</LEDGERNAME>
              <ISDEEMEDPOSITIVE>No</ISDEEMEDPOSITIVE>
              <AMOUNT>830</AMOUNT>
            </ALLLEDGERENTRIES.LIST>
            <ALLLEDGERENTRIES.LIST>
              <LEDGERNAME>Incentive Expense</LEDGERNAME>
              <ISDEEMEDPOSITIVE>Yes</ISDEEMEDPOSITIVE>
              <AMOUNT>-830</AMOUNT>
            </ALLLEDGERENTRIES.LIST>
          </VOUCHER>
        </TALLYMESSAGE>
        <TALLYMESSAGE>
          <VOUCHER>
            <DATE>20220401</DATE>
            <REFERENCEDATE>20220401</REFERENCEDATE>
            <VOUCHERTYPENAME>Journal</VOUCHERTYPENAME>
            <PARTYLEDGERNAME>Ramesh Satff</PARTYLEDGERNAME>
            <VOUCHERNUMBER>TG165</VOUCHERNUMBER>
            <ALLLEDGERENTRIES.LIST>
              <LEDGERNAME>Ramesh Satff</LEDGERNAME>
              <ISDEEMEDPOSITIVE>Yes</ISDEEMEDPOSITIVE>
              <AMOUNT>-330</AMOUNT>
            </ALLLEDGERENTRIES.LIST>
            <ALLLEDGERENTRIES.LIST>
              <LEDGERNAME>Staff Account</LEDGERNAME>
              <ISDEEMEDPOSITIVE>No</ISDEEMEDPOSITIVE>
              <AMOUNT>330</AMOUNT>
            </ALLLEDGERENTRIES.LIST>
          </VOUCHER>
        </TALLYMESSAGE>
        <TALLYMESSAGE>
          <VOUCHER>
            <DATE>20220401</DATE>
            <REFERENCEDATE>20220401</REFERENCEDATE>
            <VOUCHERTYPENAME>Journal</VOUCHERTYPENAME>
            <PARTYLEDGERNAME>Murugan Staff</PARTYLEDGERNAME>
            <VOUCHERNUMBER>TG183</VOUCHERNUMBER>
            <ALLLEDGERENTRIES.LIST>
              <LEDGERNAME>Murugan Staff</LEDGERNAME>
              <ISDEEMEDPOSITIVE>No</ISDEEMEDPOSITIVE>
              <AMOUNT>2500</AMOUNT>
            </ALLLEDGERENTRIES.LIST>
            <ALLLEDGERENTRIES.LIST>
              <LEDGERNAME>Incentive Expense</LEDGERNAME>
              <ISDEEMEDPOSITIVE>Yes</ISDEEMEDPOSITIVE>
              <AMOUNT>-2500</AMOUNT>
            </ALLLEDGERENTRIES.LIST>
          </VOUCHER>
        </TALLYMESSAGE>
        <TALLYMESSAGE>
          <VOUCHER>
            <DATE>20220401</DATE>
            <REFERENCEDATE>20220401</REFERENCEDATE>
            <VOUCHERTYPENAME>Journal</VOUCHERTYPENAME>
            <PARTYLEDGERNAME>Murugan Staff</PARTYLEDGERNAME>
            <VOUCHERNUMBER>TG184</VOUCHERNUMBER>
            <ALLLEDGERENTRIES.LIST>
              <LEDGERNAME>Murugan Staff</LEDGERNAME>
              <ISDEEMEDPOSITIVE>Yes</ISDEEMEDPOSITIVE>
              <AMOUNT>-800</AMOUNT>
            </ALLLEDGERENTRIES.LIST>
            <ALLLEDGERENTRIES.LIST>
              <LEDGERNAME>Staff Account</LEDGERNAME>
              <ISDEEMEDPOSITIVE>No</ISDEEMEDPOSITIVE>
              <AMOUNT>800</AMOUNT>
            </ALLLEDGERENTRIES.LIST>
          </VOUCHER>
        </TALLYMESSAGE>
        <TALLYMESSAGE>
          <VOUCHER>
            <DATE>20220401</DATE>
            <REFERENCEDATE>20220401</REFERENCEDATE>
            <VOUCHERTYPENAME>Journal</VOUCHERTYPENAME>
            <PARTYLEDGERNAME>Murugan Staff</PARTYLEDGERNAME>
            <VOUCHERNUMBER>TG182</VOUCHERNUMBER>
            <ALLLEDGERENTRIES.LIST>
              <LEDGERNAME>Murugan Staff</LEDGERNAME>
              <ISDEEMEDPOSITIVE>No</ISDEEMEDPOSITIVE>
              <AMOUNT>17177</AMOUNT>
            </ALLLEDGERENTRIES.LIST>
            <ALLLEDGERENTRIES.LIST>
              <LEDGERNAME>Salaries And Employee Wages</LEDGERNAME>
              <ISDEEMEDPOSITIVE>Yes</ISDEEMEDPOSITIVE>
              <AMOUNT>-17177</AMOUNT>
            </ALLLEDGERENTRIES.LIST>
          </VOUCHER>
        </TALLYMESSAGE>
        <TALLYMESSAGE>
          <VOUCHER>
            <DATE>20220401</DATE>
            <REFERENCEDATE>20220401</REFERENCEDATE>
            <VOUCHERTYPENAME>Journal</VOUCHERTYPENAME>
            <PARTYLEDGERNAME>Thangarathi Pharmacist</PARTYLEDGERNAME>
            <VOUCHERNUMBER>EP143</VOUCHERNUMBER>
            <ALLLEDGERENTRIES.LIST>
              <LEDGERNAME>Thangarathi Pharmacist</LEDGERNAME>
              <ISDEEMEDPOSITIVE>No</ISDEEMEDPOSITIVE>
              <AMOUNT>3000</AMOUNT>
            </ALLLEDGERENTRIES.LIST>
            <ALLLEDGERENTRIES.LIST>
              <LEDGERNAME>Salaries And Employee Wages</LEDGERNAME>
              <ISDEEMEDPOSITIVE>Yes</ISDEEMEDPOSITIVE>
              <AMOUNT>-3000</AMOUNT>
            </ALLLEDGERENTRIES.LIST>
          </VOUCHER>
        </TALLYMESSAGE>
        <TALLYMESSAGE>
          <VOUCHER>
            <DATE>20220401</DATE>
            <REFERENCEDATE>20220401</REFERENCEDATE>
            <VOUCHERTYPENAME>Journal</VOUCHERTYPENAME>
            <PARTYLEDGERNAME>Santha Kumar staff</PARTYLEDGERNAME>
            <VOUCHERNUMBER>EP149</VOUCHERNUMBER>
            <ALLLEDGERENTRIES.LIST>
              <LEDGERNAME>Santha Kumar staff</LEDGERNAME>
              <ISDEEMEDPOSITIVE>No</ISDEEMEDPOSITIVE>
              <AMOUNT>3180</AMOUNT>
            </ALLLEDGERENTRIES.LIST>
            <ALLLEDGERENTRIES.LIST>
              <LEDGERNAME>Incentive Expense</LEDGERNAME>
              <ISDEEMEDPOSITIVE>Yes</ISDEEMEDPOSITIVE>
              <AMOUNT>-3180</AMOUNT>
            </ALLLEDGERENTRIES.LIST>
          </VOUCHER>
        </TALLYMESSAGE>
        <TALLYMESSAGE>
          <VOUCHER>
            <DATE>20220401</DATE>
            <REFERENCEDATE>20220401</REFERENCEDATE>
            <VOUCHERTYPENAME>Journal</VOUCHERTYPENAME>
            <PARTYLEDGERNAME>Paramasivam Labour Office Consultant</PARTYLEDGERNAME>
            <VOUCHERNUMBER>EP156</VOUCHERNUMBER>
            <ALLLEDGERENTRIES.LIST>
              <LEDGERNAME>Paramasivam Labour Office Consultant</LEDGERNAME>
              <ISDEEMEDPOSITIVE>No</ISDEEMEDPOSITIVE>
              <AMOUNT>300</AMOUNT>
            </ALLLEDGERENTRIES.LIST>
            <ALLLEDGERENTRIES.LIST>
              <LEDGERNAME>Salaries And Employee Wages</LEDGERNAME>
              <ISDEEMEDPOSITIVE>Yes</ISDEEMEDPOSITIVE>
              <AMOUNT>-300</AMOUNT>
            </ALLLEDGERENTRIES.LIST>
          </VOUCHER>
        </TALLYMESSAGE>
        <TALLYMESSAGE>
          <VOUCHER>
            <DATE>20220401</DATE>
            <REFERENCEDATE>20220401</REFERENCEDATE>
            <VOUCHERTYPENAME>Journal</VOUCHERTYPENAME>
            <PARTYLEDGERNAME>Iswariya Staff</PARTYLEDGERNAME>
            <VOUCHERNUMBER>EP147</VOUCHERNUMBER>
            <ALLLEDGERENTRIES.LIST>
              <LEDGERNAME>Iswariya Staff</LEDGERNAME>
              <ISDEEMEDPOSITIVE>No</ISDEEMEDPOSITIVE>
              <AMOUNT>10016</AMOUNT>
            </ALLLEDGERENTRIES.LIST>
            <ALLLEDGERENTRIES.LIST>
              <LEDGERNAME>Salaries And Employee Wages</LEDGERNAME>
              <ISDEEMEDPOSITIVE>Yes</ISDEEMEDPOSITIVE>
              <AMOUNT>-10016</AMOUNT>
            </ALLLEDGERENTRIES.LIST>
          </VOUCHER>
        </TALLYMESSAGE>
        <TALLYMESSAGE>
          <VOUCHER>
            <DATE>20220401</DATE>
            <REFERENCEDATE>20220401</REFERENCEDATE>
            <VOUCHERTYPENAME>Journal</VOUCHERTYPENAME>
            <PARTYLEDGERNAME>Santha Kumar staff</PARTYLEDGERNAME>
            <VOUCHERNUMBER>EP148</VOUCHERNUMBER>
            <ALLLEDGERENTRIES.LIST>
              <LEDGERNAME>Santha Kumar staff</LEDGERNAME>
              <ISDEEMEDPOSITIVE>No</ISDEEMEDPOSITIVE>
              <AMOUNT>15483</AMOUNT>
            </ALLLEDGERENTRIES.LIST>
            <ALLLEDGERENTRIES.LIST>
              <LEDGERNAME>Salaries And Employee Wages</LEDGERNAME>
              <ISDEEMEDPOSITIVE>Yes</ISDEEMEDPOSITIVE>
              <AMOUNT>-15483</AMOUNT>
            </ALLLEDGERENTRIES.LIST>
          </VOUCHER>
        </TALLYMESSAGE>
        <TALLYMESSAGE>
          <VOUCHER>
            <DATE>20220401</DATE>
            <REFERENCEDATE>20220401</REFERENCEDATE>
            <VOUCHERTYPENAME>Journal</VOUCHERTYPENAME>
            <PARTYLEDGERNAME>Anitta Staff</PARTYLEDGERNAME>
            <VOUCHERNUMBER>EP151</VOUCHERNUMBER>
            <ALLLEDGERENTRIES.LIST>
              <LEDGERNAME>Anitta Staff</LEDGERNAME>
              <ISDEEMEDPOSITIVE>No</ISDEEMEDPOSITIVE>
              <AMOUNT>9050</AMOUNT>
            </ALLLEDGERENTRIES.LIST>
            <ALLLEDGERENTRIES.LIST>
              <LEDGERNAME>Salaries And Employee Wages</LEDGERNAME>
              <ISDEEMEDPOSITIVE>Yes</ISDEEMEDPOSITIVE>
              <AMOUNT>-9050</AMOUNT>
            </ALLLEDGERENTRIES.LIST>
          </VOUCHER>
        </TALLYMESSAGE>
        <TALLYMESSAGE>
          <VOUCHER>
            <DATE>20220401</DATE>
            <REFERENCEDATE>20220401</REFERENCEDATE>
            <VOUCHERTYPENAME>Journal</VOUCHERTYPENAME>
            <PARTYLEDGERNAME>Santha Kumar staff</PARTYLEDGERNAME>
            <VOUCHERNUMBER>EP150</VOUCHERNUMBER>
            <ALLLEDGERENTRIES.LIST>
              <LEDGERNAME>Santha Kumar staff</LEDGERNAME>
              <ISDEEMEDPOSITIVE>Yes</ISDEEMEDPOSITIVE>
              <AMOUNT>-180</AMOUNT>
            </ALLLEDGERENTRIES.LIST>
            <ALLLEDGERENTRIES.LIST>
              <LEDGERNAME>Staff Account</LEDGERNAME>
              <ISDEEMEDPOSITIVE>No</ISDEEMEDPOSITIVE>
              <AMOUNT>180</AMOUNT>
            </ALLLEDGERENTRIES.LIST>
          </VOUCHER>
        </TALLYMESSAGE>
        <TALLYMESSAGE>
          <VOUCHER>
            <DATE>20220401</DATE>
            <REFERENCEDATE>20220401</REFERENCEDATE>
            <VOUCHERTYPENAME>Journal</VOUCHERTYPENAME>
            <PARTYLEDGERNAME>Michale Satff</PARTYLEDGERNAME>
            <VOUCHERNUMBER>EP154</VOUCHERNUMBER>
            <ALLLEDGERENTRIES.LIST>
              <LEDGERNAME>Michale Satff</LEDGERNAME>
              <ISDEEMEDPOSITIVE>No</ISDEEMEDPOSITIVE>
              <AMOUNT>6580</AMOUNT>
            </ALLLEDGERENTRIES.LIST>
            <ALLLEDGERENTRIES.LIST>
              <LEDGERNAME>Salaries And Employee Wages</LEDGERNAME>
              <ISDEEMEDPOSITIVE>Yes</ISDEEMEDPOSITIVE>
              <AMOUNT>-6580</AMOUNT>
            </ALLLEDGERENTRIES.LIST>
          </VOUCHER>
        </TALLYMESSAGE>
        <TALLYMESSAGE>
          <VOUCHER>
            <DATE>20220401</DATE>
            <REFERENCEDATE>20220401</REFERENCEDATE>
            <VOUCHERTYPENAME>Journal</VOUCHERTYPENAME>
            <PARTYLEDGERNAME>Manikandan North Staff</PARTYLEDGERNAME>
            <VOUCHERNUMBER>EP144</VOUCHERNUMBER>
            <ALLLEDGERENTRIES.LIST>
              <LEDGERNAME>Manikandan North Staff</LEDGERNAME>
              <ISDEEMEDPOSITIVE>No</ISDEEMEDPOSITIVE>
              <AMOUNT>18064</AMOUNT>
            </ALLLEDGERENTRIES.LIST>
            <ALLLEDGERENTRIES.LIST>
              <LEDGERNAME>Salaries And Employee Wages</LEDGERNAME>
              <ISDEEMEDPOSITIVE>Yes</ISDEEMEDPOSITIVE>
              <AMOUNT>-18064</AMOUNT>
            </ALLLEDGERENTRIES.LIST>
          </VOUCHER>
        </TALLYMESSAGE>
        <TALLYMESSAGE>
          <VOUCHER>
            <DATE>20220401</DATE>
            <REFERENCEDATE>20220401</REFERENCEDATE>
            <VOUCHERTYPENAME>Journal</VOUCHERTYPENAME>
            <PARTYLEDGERNAME>Manikandan North Staff</PARTYLEDGERNAME>
            <VOUCHERNUMBER>EP145</VOUCHERNUMBER>
            <ALLLEDGERENTRIES.LIST>
              <LEDGERNAME>Manikandan North Staff</LEDGERNAME>
              <ISDEEMEDPOSITIVE>No</ISDEEMEDPOSITIVE>
              <AMOUNT>4400</AMOUNT>
            </ALLLEDGERENTRIES.LIST>
            <ALLLEDGERENTRIES.LIST>
              <LEDGERNAME>Incentive Expense</LEDGERNAME>
              <ISDEEMEDPOSITIVE>Yes</ISDEEMEDPOSITIVE>
              <AMOUNT>-4400</AMOUNT>
            </ALLLEDGERENTRIES.LIST>
          </VOUCHER>
        </TALLYMESSAGE>
        <TALLYMESSAGE>
          <VOUCHER>
            <DATE>20220401</DATE>
            <REFERENCEDATE>20220401</REFERENCEDATE>
            <VOUCHERTYPENAME>Journal</VOUCHERTYPENAME>
            <PARTYLEDGERNAME>Manikandan North Staff</PARTYLEDGERNAME>
            <VOUCHERNUMBER>EP146</VOUCHERNUMBER>
            <ALLLEDGERENTRIES.LIST>
              <LEDGERNAME>Manikandan North Staff</LEDGERNAME>
              <ISDEEMEDPOSITIVE>Yes</ISDEEMEDPOSITIVE>
              <AMOUNT>-500</AMOUNT>
            </ALLLEDGERENTRIES.LIST>
            <ALLLEDGERENTRIES.LIST>
              <LEDGERNAME>Staff Account</LEDGERNAME>
              <ISDEEMEDPOSITIVE>No</ISDEEMEDPOSITIVE>
              <AMOUNT>500</AMOUNT>
            </ALLLEDGERENTRIES.LIST>
          </VOUCHER>
        </TALLYMESSAGE>
        <TALLYMESSAGE>
          <VOUCHER>
            <DATE>20220401</DATE>
            <REFERENCEDATE>20220401</REFERENCEDATE>
            <VOUCHERTYPENAME>Journal</VOUCHERTYPENAME>
            <PARTYLEDGERNAME>Aravinth Prabu C Staff</PARTYLEDGERNAME>
            <VOUCHERNUMBER>EP152</VOUCHERNUMBER>
            <ALLLEDGERENTRIES.LIST>
              <LEDGERNAME>Aravinth Prabu C Staff</LEDGERNAME>
              <ISDEEMEDPOSITIVE>No</ISDEEMEDPOSITIVE>
              <AMOUNT>6970</AMOUNT>
            </ALLLEDGERENTRIES.LIST>
            <ALLLEDGERENTRIES.LIST>
              <LEDGERNAME>Salaries And Employee Wages</LEDGERNAME>
              <ISDEEMEDPOSITIVE>Yes</ISDEEMEDPOSITIVE>
              <AMOUNT>-6970</AMOUNT>
            </ALLLEDGERENTRIES.LIST>
          </VOUCHER>
        </TALLYMESSAGE>
        <TALLYMESSAGE>
          <VOUCHER>
            <DATE>20220401</DATE>
            <REFERENCEDATE>20220401</REFERENCEDATE>
            <VOUCHERTYPENAME>Journal</VOUCHERTYPENAME>
            <PARTYLEDGERNAME>Sathiya Kumar</PARTYLEDGERNAME>
            <VOUCHERNUMBER>EP153</VOUCHERNUMBER>
            <ALLLEDGERENTRIES.LIST>
              <LEDGERNAME>Sathiya Kumar</LEDGERNAME>
              <ISDEEMEDPOSITIVE>No</ISDEEMEDPOSITIVE>
              <AMOUNT>3620</AMOUNT>
            </ALLLEDGERENTRIES.LIST>
            <ALLLEDGERENTRIES.LIST>
              <LEDGERNAME>Salaries And Employee Wages</LEDGERNAME>
              <ISDEEMEDPOSITIVE>Yes</ISDEEMEDPOSITIVE>
              <AMOUNT>-3620</AMOUNT>
            </ALLLEDGERENTRIES.LIST>
          </VOUCHER>
        </TALLYMESSAGE>
      </REQUESTDATA>
    </IMPORTDATA>
  </BODY>
</ENVELOPE>